MDDate,MDTime,MDValidType,OrderIndex,OrderType,OrderPrice,OrderQty,OrderBSFlag,ApplSeqNum,OrderNO
20220704,91500510,None,234089,2,143,240,2,268232,3430
20220704,91500830,None,234090,2,109.13,400,1,268233,8315
20220704,91500830,None,234091,2,108.66,400,1,268234,8316
20220704,91500950,None,234092,2,108.38,1107,1,268235,10827
20220704,91501970,None,234093,2,126.5,200,2,268236,26666
20220704,91501970,None,234094,2,145.8,280,2,268237,27372
20220704,91502090,None,234095,2,142.8,200,2,268238,27500
20220704,91502090,None,234096,2,130,400,2,268239,28129
20220704,91502090,None,234097,2,116.36,200,1,268240,29270
20220704,91502620,None,234098,2,144.44,200,2,268241,35812
20220704,91502890,None,234099,2,126.2,4298,2,268242,39401
20220704,91503010,None,234100,2,112.02,400,1,268243,42993
20220704,91503140,None,234101,2,100.03,600,1,268244,44073
20220704,91503140,None,234102,2,141.45,215,2,268245,44914
20220704,91503580,None,234103,2,112.98,200,1,268246,51312
20220704,91503720,None,234104,2,112.02,2000,1,268247,51709
20220704,91503720,None,234105,2,100.03,3000,1,268248,51710
20220704,91503850,None,234106,2,145.7,500,2,268249,54774
20220704,91503850,None,234107,2,133,420,2,268250,54775
20220704,91503850,None,234108,2,145,420,2,268251,54776
20220704,91503980,None,234109,2,143.32,2200,2,268252,56467
20220704,91504110,None,234110,2,145.8,1700,1,268253,58165
20220704,91504110,None,234111,2,119,200,1,268254,58614
20220704,91504230,None,234112,2,110,200,1,268255,60752
20220704,91504380,None,234113,2,120,200,1,268256,61622
20220704,91504930,None,234114,2,120,200,1,268257,70558
20220704,91504930,None,234115,2,118,200,1,268258,70559
20220704,91505070,None,234116,2,115.01,200,1,268259,71427
20220704,91505070,None,234117,2,124.99,260,2,268260,71437
20220704,91505070,None,234118,2,129.99,200,2,268261,71438
20220704,91505070,None,234119,2,134.99,200,2,268262,71439
20220704,91505070,None,234120,2,139.99,200,2,268263,71440
20220704,91505210,None,234121,2,128.37,700,2,268264,73565
20220704,91505470,None,234122,2,145.5,200,2,268265,77462
20220704,91505710,None,234123,2,113.75,200,1,268266,81661
20220704,91505860,None,234124,2,145,243,2,268267,82827
20220704,91506100,None,234125,2,124.5,200,2,268268,85564
20220704,91506100,None,234126,2,126,300,2,268269,85565
20220704,91506240,None,234127,2,128.49,280,2,268270,87193
20220704,91506240,None,234128,2,117,900,1,268271,87650
20220704,91506240,None,234129,2,122.5,296,2,268272,88468
20220704,91506430,None,234130,2,111.98,200,1,268273,90835
20220704,91506580,None,234131,2,112.02,400,1,268274,91260
20220704,91506580,None,234132,2,100.03,600,1,268275,91261
20220704,91507020,None,234133,2,135,200,2,268276,96770
20220704,91507170,None,234134,2,125.79,200,2,268277,98912
20220704,91507170,None,234135,2,127.69,300,2,268278,98913
20220704,91507170,None,234136,2,131.68,1000,2,268279,100163
20220704,91507170,None,234137,2,139.88,1000,2,268280,100164
20220704,91507540,None,234138,2,113.66,333,1,268281,104673
20220704,91507680,None,234139,2,120.9,200,2,268282,105624
20220704,91507810,None,234140,2,145.79,300,2,268283,107012
20220704,91508100,None,234141,2,97.2,200,1,268284,111184
20220704,91508100,None,234142,2,145.8,200,2,268285,111759
20220704,91508680,None,234143,2,142,200,2,268286,117227
20220704,91508860,None,234144,2,109.73,200,1,268287,119311
20220704,91508860,None,234145,2,97.2,200,1,268288,120443
20220704,91508860,None,234146,2,126,200,2,268289,120593
20220704,91508860,None,234147,2,145.8,200,2,268290,120885
20220704,91508860,None,234148,2,128.68,300,2,268291,120909
20220704,91509040,None,234149,10,97.2,200,1,268292,111184
20220704,91509040,None,234150,10,145.8,200,2,268293,111759
20220704,91509040,None,234151,2,123.88,1293,2,268294,121288
20220704,91509360,None,234152,2,145.8,200,2,268295,125071
20220704,91509360,None,234153,10,97.2,200,1,268296,120443
20220704,91509360,None,234154,10,145.8,200,2,268297,120885
20220704,91509630,None,234155,2,121.5,200,1,268298,127612
20220704,91509790,None,234156,2,118.35,200,1,268299,129030
20220704,91509790,None,234157,2,115.32,200,1,268300,129032
20220704,91509830,None,234158,2,114.02,300,1,268301,129543
20220704,91509940,None,234159,2,121.87,2500,2,268302,129983
20220704,91510750,None,234160,2,145.79,900,2,268303,132146
20220704,91511560,None,234161,2,115,200,1,268304,133642
20220704,91511560,None,234162,2,110,200,1,268305,133643
20220704,91511560,None,234163,2,130,200,2,268306,133644
20220704,91511560,None,234164,2,135,200,2,268307,133646
20220704,91511630,None,234165,2,140,200,2,268308,133752
20220704,91511630,None,234166,2,145,200,2,268309,133754
20220704,91512430,None,234167,2,101,200,1,268310,135486
20220704,91512430,None,234168,2,145.79,300,2,268311,135563
20220704,91512730,None,234169,2,145.79,400,2,268312,136511
20220704,91513150,None,234170,2,110.02,1000,1,268313,137870
20220704,91542400,None,234171,2,145.6,1000,2,268314,142400
20220704,91546130,None,234172,2,121.87,10000,1,268315,142705
20220704,91612380,None,234173,2,145,3183,2,268316,145295
20220704,91643700,None,234174,2,112,200,1,268317,148604
20220704,91655920,None,234175,2,120,220,1,268318,150035
20220704,91712730,None,234176,2,127.6,200,2,268319,152008
20220704,91758940,None,234177,2,122,10000,1,268320,157167
20220704,91828990,None,234178,2,116.03,200,1,268321,160814
20220704,91839560,None,234179,2,120,200,2,268322,162094
20220704,91842940,None,234180,2,114.03,200,1,268323,162494
20220704,91850520,None,234181,2,127,1205,2,268324,163400
20220704,91852750,None,234182,2,130,200,2,268325,163670
20220704,91908610,None,234183,2,116,500,1,268326,165607
20220704,91909170,None,234184,2,128.18,640,2,268327,165687
20220704,91944480,None,234185,2,145.8,700,2,268328,170150
20220704,91947000,None,234186,2,132.43,200,1,268329,170507
20220704,91952200,None,234187,2,130,201,1,268330,171186
20220704,92001640,None,234188,2,97.2,200,2,268331,172643
20220704,92023860,None,234189,2,133,200,2,268332,175949
20220704,92027330,None,234190,2,127,3000,2,268333,176419
20220704,92040470,None,234191,2,145.8,500,2,268334,178344
20220704,92041810,None,234192,2,145.8,3002,2,268335,178563
20220704,92044110,None,234193,2,124.98,200,2,268336,178898
20220704,92045260,None,234194,2,118,200,1,268337,179069
20220704,92047510,None,234195,2,123,300,1,268338,179414
20220704,92056030,None,234196,2,121.5,300,2,268339,180675
20220704,92056190,None,234197,2,121.5,300,2,268340,180698
20220704,92056190,None,234198,2,121.5,200,2,268341,180699
20220704,92109390,None,234199,2,120,400,1,268342,182912
20220704,92127630,None,234200,2,128.88,234,2,268343,185820
20220704,92133370,None,234201,2,126,884,2,268344,186733
20220704,92151840,None,234202,2,128.88,200,2,268345,189746
20220704,92159190,None,234203,2,122,1229,1,268346,190968
20220704,92206230,None,234204,2,131.54,382,2,268347,192245
20220704,92209690,None,234205,2,123,800,1,268348,192831
20220704,92217990,None,234206,2,116,500,1,268349,194243
20220704,92219420,None,234207,2,122,200,1,268350,194526
20220704,92225500,None,234208,2,110,500,1,268351,195588
20220704,92304820,None,234209,2,122.99,200,1,268352,202884
20220704,92307320,None,234210,2,119.68,353,2,268353,203378
20220704,92313890,None,234211,2,127.97,200,2,268354,204730
20220704,92319040,None,234212,2,125.29,200,2,268355,205777
20220704,92326260,None,234213,2,121.5,200,2,268356,207271
20220704,92327260,None,234214,2,123.23,200,2,268357,207528
20220704,92330570,None,234215,2,123.03,200,1,268358,208259
20220704,92337110,None,234216,2,122.22,200,1,268359,209767
20220704,92339300,None,234217,2,129.99,200,2,268360,210268
20220704,92340350,None,234218,2,124,200,1,268361,210506
20220704,92350420,None,234219,2,123,1000,1,268362,212784
20220704,92350600,None,234220,2,126.6,200,2,268363,212830
20220704,92351250,None,234221,2,142.39,200,2,268364,212952
20220704,92400270,None,234222,2,122,1000,2,268365,215114
20220704,92400990,None,234223,2,113.55,300,1,268366,215314
20220704,92413430,None,234224,2,122.98,200,2,268367,218888
20220704,92415600,None,234225,2,112.35,200,1,268368,219539
20220704,92416120,None,234226,2,119.68,353,2,268369,219677
20220704,92416770,None,234227,2,122.01,1500,1,268370,219882
20220704,92418670,None,234228,2,126,205,2,268371,220438
20220704,92421350,None,234229,2,122,300,2,268372,221300
20220704,92425310,None,234230,2,120.98,300,2,268373,222602
20220704,92426100,None,234231,2,115,200,2,268374,222857
20220704,92427010,None,234232,2,123,2100,1,268375,223168
20220704,92427780,None,234233,2,120,200,2,268376,223417
20220704,92431020,None,234234,2,122.01,5000,2,268377,224445
20220704,92431100,None,234235,2,130,600,1,268378,224468
20220704,92431580,None,234236,2,121,1487,2,268379,224636
20220704,92433880,None,234237,2,124.01,200,1,268380,225401
20220704,92436820,None,234238,2,125.67,500,1,268381,226394
20220704,92437390,None,234239,2,122,200,2,268382,226604
20220704,92438490,None,234240,2,115.44,200,2,268383,227013
20220704,92443610,None,234241,2,114.22,200,1,268384,228811
20220704,92447140,None,234242,2,122,719,2,268385,230045
20220704,92448920,None,234243,2,122.01,200,2,268386,230787
20220704,92450120,None,234244,2,140.32,1400,2,268387,231310
20220704,92451850,None,234245,2,122,800,2,268388,232233
20220704,92452150,None,234246,2,125.06,400,1,268389,232453
20220704,92452970,None,234247,2,130,300,1,268390,232973
20220704,92453320,None,234248,2,121.9,200,2,268391,233218
20220704,92455590,None,234249,2,118.44,200,2,268392,234699
20220704,92455860,None,234250,2,123,400,1,268393,234885
20220704,92457980,None,234251,2,122.01,1000,1,268394,236471
20220704,92458500,None,234252,2,122.5,200,2,268395,236952
20220704,92459460,None,234253,2,121.29,2600,2,268396,238378
20220704,92459810,None,234254,2,118.95,458,2,268397,239002
20220704,93000080,None,246140,2,122,2200,1,282114,239373
20220704,93000220,None,247476,2,121.88,2200,1,284493,240917
20220704,93000220,None,247961,10,122.5,200,2,285276,236952
20220704,93000650,None,252823,2,122.01,5700,1,292306,246915
20220704,93000940,None,254910,2,122.5,1244,1,295159,249279
20220704,93000940,None,255660,2,122.01,537,1,296219,250117
20220704,93001120,None,256415,2,115.88,228,1,297379,250978
20220704,93001120,None,257204,2,120.01,600,1,298652,251910
20220704,93001120,None,257217,2,118.28,600,1,298669,251925
20220704,93001120,None,257226,2,116.38,731,1,298684,251937
20220704,93001120,None,257237,2,122.01,450,1,298696,251948
20220704,93001120,None,257302,2,124.01,2807,1,298778,252020
20220704,93001260,None,257939,2,119,300,1,299739,252776
20220704,93001820,None,264764,2,124.33,217,1,309752,260633
20220704,93002110,None,267056,2,122.8,200,1,313084,263230
20220704,93002240,None,269285,2,130.8,200,2,316318,265792
20220704,93002240,None,269798,2,122.2,500,1,317025,266359
20220704,93002430,None,270123,2,130.99,200,2,317485,266713
20220704,93002430,None,270391,2,132,200,2,317838,267008
20220704,93002430,None,270481,2,123,220,2,317986,267121
20220704,93002570,None,272432,2,124,1227,2,320814,269378
20220704,93002570,None,272638,2,122.09,400,1,321105,269611
20220704,93002710,None,273490,2,128.6,200,2,322338,270620
20220704,93002710,None,274399,2,108,200,1,323510,271616
20220704,93002710,None,274452,2,122.01,427,1,323572,271669
20220704,93002980,None,276311,2,126,261,2,326218,273875
20220704,93003380,None,281312,2,123.5,300,2,333215,279571
20220704,93003580,None,282575,2,119.81,200,1,335109,281013
20220704,93003720,None,284346,2,122.04,200,1,337622,283027
20220704,93003720,None,284814,2,112.6,200,1,338279,283548
20220704,93003860,None,285785,2,122.01,3200,1,339662,284683
20220704,93004010,None,287338,2,115.01,1000,1,342087,286465
20220704,93004010,None,287963,2,122.02,800,1,342972,287166
20220704,93004010,None,288536,2,113,200,1,343787,287828
20220704,93004160,None,288884,2,122.02,404,1,344274,288222
20220704,93004160,None,289058,2,133.33,282,2,344512,288421
20220704,93004160,None,289062,2,128.66,200,2,344516,288425
20220704,93004310,None,290475,2,132,200,2,346485,290018
20220704,93004310,None,290657,2,122.02,200,1,346775,290217
20220704,93004310,None,291054,2,112.88,200,1,347318,290682
20220704,93004310,None,291765,2,122.5,200,2,348430,291540
20220704,93004600,None,294740,2,128.76,239,2,352784,294963
20220704,93004730,None,296144,2,122.02,1204,1,354849,296569
20220704,93004870,None,296818,2,123.5,300,2,355870,297411
20220704,93004870,None,296905,2,122.13,200,1,356002,297520
20220704,93004870,None,296915,2,127,1227,2,356015,297533
20220704,93004870,None,297105,2,124,48153,1,356285,297718
20220704,93005170,None,300418,2,125,2378,2,361058,301540
20220704,93005170,None,300728,2,121.5,10000,1,361510,301884
20220704,93005170,None,301132,2,122.01,200,1,362035,302341
20220704,93005300,None,301645,2,122.01,200,1,362773,302892
20220704,93005300,None,301829,2,122.01,200,1,363017,303088
20220704,93005440,None,303186,2,122.01,300,1,364979,304678
20220704,93005680,None,306162,2,122.21,200,1,369212,308249
20220704,93005680,None,306955,2,122.01,400,1,370317,309163
20220704,93006150,None,310389,2,122.21,400,1,375240,313221
20220704,93006150,None,310390,2,122.21,400,1,375241,313222
20220704,93006150,None,310588,2,122.21,300,1,375537,313479
20220704,93006150,None,311051,2,122.02,600,1,376221,314034
20220704,93006150,None,311069,2,125.8,3000,2,376247,314054
20220704,93006270,None,312842,2,122.02,400,1,378756,316157
20220704,93006430,None,313521,2,123.88,622,1,379730,316955
20220704,93006430,None,313730,2,122.05,200,1,380085,317216
20220704,93006430,None,313731,2,122.05,200,1,380086,317217
20220704,93006570,None,314953,2,124.99,3962,1,381826,318653
20220704,93006570,None,315896,10,122.01,3200,1,383195,284683
20220704,93006860,None,318148,2,126.8,1800,2,386410,322286
20220704,93006860,None,319201,2,122.05,200,1,387919,323509
20220704,93007140,None,321829,2,122.21,400,1,391831,326526
20220704,93007140,None,321832,2,122.21,400,1,391837,326529
20220704,93007140,None,322288,2,122.01,200,1,392549,327070
20220704,93007320,None,322742,2,122.01,200,1,393191,327618
20220704,93007320,None,323498,2,128,300,2,394329,328490
20220704,93007320,None,323661,2,122.01,200,1,394560,328688
20220704,93007630,None,326217,2,122.01,260,1,398452,331742
20220704,93008040,None,330215,2,122.5,200,1,404056,336316
20220704,93008190,None,331056,2,122.13,200,1,405232,337227
20220704,93008190,None,331788,2,122.98,480,1,406270,338064
20220704,93008320,None,332936,2,130,200,2,408006,339344
20220704,93008450,None,334094,10,122.21,200,1,409750,308249
20220704,93008450,None,334708,2,120.11,400,1,410677,341318
20220704,93008590,None,335521,10,122.21,400,1,411917,313221
20220704,93008590,None,335574,10,122.21,400,1,411987,313222
20220704,93008720,None,337585,2,122.02,200,1,414912,344554
20220704,93008720,None,337629,2,122.02,200,1,414968,344606
20220704,93008880,None,338562,2,119,904,1,416421,345620
20220704,93008880,None,338991,2,122.03,500,1,417047,346121
20220704,93008880,None,339020,2,145.8,173,2,417101,346151
20220704,93009030,None,340244,2,124.99,1763,1,419014,347579
20220704,93009440,None,344429,2,122.01,200,1,425280,352451
20220704,93009440,None,344583,2,142.8,200,2,425500,352630
20220704,93009600,None,345654,2,124.01,3400,1,427128,353884
20220704,93009600,None,346315,2,122.6,2500,1,428185,354613
20220704,93009730,None,348073,2,125,420,2,430767,356628
20220704,93010040,None,350148,2,125.25,200,2,433783,358997
20220704,93010190,None,351872,2,125.79,200,2,436121,360913
20220704,93010330,None,353093,2,122.01,200,1,437789,362236
20220704,93010330,None,353456,2,126.88,600,2,438350,362651
20220704,93010480,None,354463,2,124.54,1600,1,439775,363755
20220704,93010620,None,356485,2,122.01,722,1,442701,366041
20220704,93010620,None,357152,2,122.02,200,1,443679,366813
20220704,93010760,None,357788,2,125,200,2,444655,367536
20220704,93010760,None,358012,10,122.21,400,1,444972,326529
20220704,93010760,None,358013,10,122.21,400,1,444973,326526
20220704,93010760,None,358165,2,124.01,200,1,445180,367932
20220704,93010890,None,359080,2,125,1802,1,446570,368941
20220704,93010890,None,359148,2,122.13,200,1,446678,369011
20220704,93010890,None,359463,2,122.01,1250,1,447126,369360
20220704,93010970,None,359727,2,122.02,200,1,447489,369657
20220704,93011090,None,361278,2,124.01,400,1,449874,371405
20220704,93011390,None,364102,2,124.99,1296,1,454053,374545
20220704,93011520,None,365947,2,124.74,1400,1,456845,376689
20220704,93011520,None,366165,2,126.88,644,2,457160,376947
20220704,93011520,None,366226,2,120.27,1124,1,457244,377020
20220704,93011520,None,366427,2,124.74,200,1,457560,377268
20220704,93011910,None,370329,2,122.21,725,1,463531,381786
20220704,93012150,None,372068,2,125,200,1,466248,383817
20220704,93012300,None,374173,2,117.23,2500,1,469455,386141
20220704,93012570,None,376677,2,122.03,800,1,473351,388991
20220704,93012720,None,378166,2,119.11,400,1,475604,390682
20220704,93012860,None,379101,2,125.25,190,1,477130,391780
20220704,93012860,None,379158,2,125.25,200,1,477228,391855
20220704,93012860,None,379476,2,125.25,200,1,477738,392233
20220704,93012990,None,380276,2,125.25,400,1,478952,393137
20220704,93012990,None,380277,2,125.25,400,1,478953,393138
20220704,93012990,None,380910,2,128.97,549,2,479935,393826
20220704,93012990,None,380950,2,124.5,200,1,479991,393864
20220704,93013110,None,381789,10,124.01,219,1,481241,371405
20220704,93013110,None,382515,2,123,500,1,482352,395483
20220704,93013110,None,382640,2,124.99,182,2,482547,395629
20220704,93013280,None,383994,2,125.25,200,2,484599,397040
20220704,93013280,None,384227,2,122.01,737,1,484922,397274
20220704,93013280,None,384428,2,122.1,500,1,485204,397467
20220704,93013410,None,385910,2,125.02,209,1,487481,399013
20220704,93013410,None,386144,2,122.1,500,1,487924,399269
20220704,93013550,None,386447,2,125.79,1537,1,488363,399633
20220704,93013910,None,390414,10,122.01,200,1,494423,327070
20220704,93013910,None,390770,10,122.01,300,1,494903,304678
20220704,93013910,None,390771,10,122.01,200,1,494904,303088
20220704,93013910,None,390772,10,122.01,200,1,494905,302341
20220704,93013910,None,390781,10,122.02,600,1,494918,314034
20220704,93013910,None,390782,10,122.02,400,1,494919,316157
20220704,93013910,None,390873,10,122.05,200,1,495096,317217
20220704,93013910,None,390874,10,122.05,200,1,495097,317216
20220704,93013910,None,390875,10,122.01,200,1,495098,328688
20220704,93013910,None,391000,10,122.05,200,1,495263,323509
20220704,93014070,None,392236,2,125.65,500,2,497182,405700
20220704,93014190,None,393773,10,122.02,200,1,499515,369657
20220704,93014190,None,393774,10,122.02,200,1,499516,366813
20220704,93014460,None,395437,2,125.27,332,1,502139,409218
20220704,93014530,None,395836,2,125.27,400,1,502796,409636
20220704,93014940,None,397565,2,125,1779,2,505682,411522
20220704,93014990,None,397870,2,124.99,200,2,506174,411822
20220704,93015200,None,399198,2,124.99,212,2,508257,413237
20220704,93015380,None,400824,2,124.99,700,2,510917,414966
20220704,93015460,None,401377,2,124.01,200,1,511907,415599
20220704,93015490,None,401760,10,122.13,200,1,512528,369011
20220704,93015640,None,403203,10,122.13,200,1,514855,337227
20220704,93015950,None,405084,2,125,200,2,517762,419364
20220704,93016030,None,405376,2,125.29,564,2,518210,419641
20220704,93016060,None,405380,2,125.79,1915,1,518225,419646
20220704,93016200,None,405933,10,122.13,200,1,519096,297520
20220704,93016230,None,405988,2,115,200,1,519196,420320
20220704,93016700,None,407144,2,128.88,300,2,521227,421744
20220704,93017520,None,409061,2,124.52,200,1,524321,424014
20220704,93017780,None,409766,10,130,200,2,525596,339344
20220704,93017780,None,409776,2,122.09,200,1,525618,424897
20220704,93018000,None,410535,2,125.79,188,2,526958,425728
20220704,93018180,None,411379,2,124.98,1000,2,528278,426574
20220704,93018230,None,411579,2,124.98,1800,2,528686,426788
20220704,93018230,None,411653,2,124.98,300,2,528820,426874
20220704,93018400,None,412999,2,125.78,200,2,531014,428162
20220704,93018510,None,413716,2,124.52,200,1,532094,428796
20220704,93018710,None,414825,10,124.98,605,2,533898,426574
20220704,93018740,None,414988,10,124.98,300,2,534131,426874
20220704,93018740,None,414993,2,124.98,600,2,534139,430050
20220704,93018820,None,415251,10,124.98,1800,2,534524,426788
20220704,93018990,None,415872,10,124.98,600,2,535548,430050
20220704,93019050,None,415981,2,125.79,1229,1,535721,431112
20220704,93019190,None,416333,2,125.25,1033,1,536321,431522
20220704,93019190,None,416340,10,126,261,2,536343,273875
20220704,93021200,None,420443,2,125.78,300,2,543506,436195
20220704,93021240,None,420534,2,125.78,600,2,543664,436298
20220704,93021240,None,420540,2,125.45,200,2,543670,436303
20220704,93021240,None,420632,2,125.78,1900,2,543840,436415
20220704,93021460,None,421814,2,125.78,600,2,545893,437642
20220704,93021550,None,422445,2,125.8,200,2,546872,438229
20220704,93021670,None,422973,10,122.01,1250,1,547708,369360
20220704,93021700,None,423067,2,124.01,400,1,547899,438877
20220704,93021780,None,423457,2,124.52,3850,2,548626,439346
20220704,93021780,None,423473,2,124.04,600,1,548648,439366
20220704,93021870,None,423901,2,125.97,200,2,549371,439874
20220704,93022250,None,424678,10,122.01,722,1,550594,366041
20220704,93023220,None,426219,2,122.02,200,1,553441,442510
20220704,93023730,None,427455,2,125.7,200,2,555865,444039
20220704,93024400,None,430216,10,125.8,200,2,560704,438229
20220704,93024400,None,430217,2,124.52,200,2,560705,447089
20220704,93024430,None,430326,2,124.51,2400,2,560896,447222
20220704,93025050,None,432525,2,125.77,1593,1,564710,449611
20220704,93025470,None,433336,2,125.79,326,2,566340,450640
20220704,93026000,None,434198,2,132,200,2,568130,451718
20220704,93026330,None,434960,2,126,80,2,569614,452723
20220704,93026840,None,436366,2,125.7,599,2,572102,454286
20220704,93027110,None,437216,2,124.11,400,1,573947,455415
20220704,93027150,None,437256,2,126,5000,2,574019,455462
20220704,93027290,None,437966,2,125.69,3400,2,575296,456284
20220704,93027310,None,438044,2,125.69,200,2,575473,456386
20220704,93027550,None,439564,2,125.69,800,2,578010,458104
20220704,93027570,None,439607,2,125.69,400,2,578090,458158
20220704,93027570,None,439608,2,125.69,400,2,578091,458159
20220704,93027570,None,439670,2,125.69,2500,2,578202,458232
20220704,93027630,None,439868,2,125.69,700,2,578491,458437
20220704,93027870,None,440644,2,125.77,400,2,580109,459307
20220704,93027870,None,440645,2,125.69,200,2,580110,459308
20220704,93028570,None,441755,2,125.79,200,2,582025,460532
20220704,93028810,None,442054,2,125.6,1925,2,582658,460863
20220704,93029180,None,442601,2,125.79,250,2,583617,461486
20220704,93029390,None,443015,2,126,1163,2,584392,461987
20220704,93029460,None,443258,2,125.5,200,2,584849,462286
20220704,93029550,None,443488,10,125.79,326,2,585309,450640
20220704,93030130,None,445042,2,124.64,600,2,588249,464494
20220704,93030130,None,445046,2,125.77,286,2,588259,464500
20220704,93030300,None,445656,2,125.49,300,2,589617,465194
20220704,93030360,None,446118,10,125.69,200,2,590375,456386
20220704,93030570,None,447202,10,125.69,2500,2,592104,458232
20220704,93030620,None,447424,10,125.69,400,2,592415,458158
20220704,93030620,None,447426,10,125.69,400,2,592417,458159
20220704,93030670,None,447550,10,125.69,200,2,592625,459308
20220704,93030670,None,447551,10,125.77,400,2,592626,459307
20220704,93030790,None,448015,2,125.49,800,2,593366,467499
20220704,93030870,None,448181,2,125.49,700,2,593620,467662
20220704,93031000,None,448413,10,122.6,2500,1,594042,354613
20220704,93031330,None,448984,2,124.04,7386,2,595033,468571
20220704,93031630,None,449415,10,125.8,2600,2,595899,314054
20220704,93031880,None,449784,2,125.77,200,2,596546,469544
20220704,93032430,None,450810,2,125.9,200,2,598506,470761
20220704,93032480,None,450962,10,116.38,731,1,598797,251937
20220704,93032480,None,451008,2,125.7,200,2,598879,470979
20220704,93032830,None,451941,2,125.5,357,2,600550,472078
20220704,93033070,None,452794,2,125.78,8800,2,601886,473026
20220704,93033170,None,453278,2,125.49,2500,2,602768,473567
20220704,93033360,None,453963,2,124.04,400,2,604257,474379
20220704,93033640,None,455053,2,135,80,2,606108,475472
20220704,93034240,None,456413,2,125.79,200,2,608345,476861
20220704,93034620,None,456977,2,123.36,300,1,609295,477514
20220704,93034650,None,457032,2,124.11,326,2,609400,477582
20220704,93035010,None,457527,2,124.04,1000,2,610291,478154
20220704,93035460,None,458380,10,122.98,480,1,611996,338064
20220704,93035660,None,459152,2,124.11,4924,2,613424,480053
20220704,93035660,None,459169,2,125.79,200,2,613465,480079
20220704,93036310,None,461227,10,122.21,300,1,617110,313479
20220704,93036380,None,461554,2,124.04,400,2,617679,482808
20220704,93036730,None,462675,2,128.88,200,2,619525,483944
20220704,93037460,None,464006,10,128.88,300,2,621723,421744
20220704,93037490,None,464058,2,124.04,279,2,621870,485471
20220704,93037640,None,464257,10,120,220,1,622288,150035
20220704,93037780,None,464472,2,125.77,300,2,622643,485933
20220704,93038380,None,465448,2,125.77,168,2,624561,487099
20220704,93039570,None,469374,10,124.04,400,2,631328,482808
20220704,93039710,None,469689,2,124,1701,2,631862,491733
20220704,93039710,None,469693,2,124,181,2,631872,491741
20220704,93039870,None,469994,2,124,200,2,632470,492152
20220704,93040470,None,470933,2,126,400,2,634224,493284
20220704,93040580,None,471068,2,124,671,2,634474,493433
20220704,93040960,None,471611,10,125.77,200,2,635500,469544
20220704,93041090,None,471864,2,124,200,2,635925,494325
20220704,93041130,None,471944,2,124,200,2,636060,494424
20220704,93041310,None,472393,2,124,4924,2,636794,494929
20220704,93041580,None,473082,10,124.64,600,2,638191,464494
20220704,93041600,None,473133,10,125.77,168,2,638288,487099
20220704,93041640,None,473239,10,122.1,500,1,638442,397467
20220704,93041840,None,473655,2,124,200,2,639175,496396
20220704,93041890,None,473926,2,124,300,2,639601,496705
20220704,93041950,None,474087,2,124,12969,2,639862,496870
20220704,93042100,None,475136,10,124.11,326,2,641657,477582
20220704,93042190,None,475363,2,125.5,280,2,642057,498210
20220704,93042270,None,475580,2,124,200,2,642460,498472
20220704,93042300,None,475695,10,124.04,400,2,642710,474379
20220704,93042530,None,476296,2,122,200,1,643823,499305
20220704,93042620,None,476571,2,124,400,2,644286,499607
20220704,93042810,None,476943,2,124,200,2,645136,500097
20220704,93042850,None,477008,2,124,668,2,645245,500165
20220704,93043370,None,477859,10,123.36,300,1,646827,477514
20220704,93044270,None,479272,2,124,200,2,649374,502761
20220704,93045010,None,481247,2,123.88,4902,2,652809,504948
20220704,93045090,None,481634,2,123.88,1000,2,653515,505387
20220704,93045470,None,482621,2,123.01,219,1,655332,506579
20220704,93045530,None,482747,10,122.02,200,1,655525,442510
20220704,93045630,None,482974,10,124,400,2,655897,499607
20220704,93046130,None,483811,2,126.3,2380,2,657234,507892
20220704,93046500,None,484307,2,123.98,200,2,658249,508528
20220704,93046560,None,484378,2,128,440,2,658383,508616
20220704,93046560,None,484389,2,122.21,200,1,658416,508645
20220704,93047070,None,485161,10,125.5,357,2,659902,472078
20220704,93048070,None,488087,10,126,1163,2,664722,461987
20220704,93048440,None,489245,2,123.88,326,2,666605,514100
20220704,93048800,None,489807,10,124.04,279,2,667734,485471
20220704,93048900,None,489975,10,124,668,2,668016,500165
20220704,93050930,None,493823,2,123.88,348,2,674954,519490
20220704,93051030,None,494274,2,123.99,168,2,675772,520040
20220704,93051340,None,495141,2,123.01,1420,1,677518,521151
20220704,93051380,None,495223,2,122.28,600,1,677678,521255
20220704,93051410,None,495264,10,124,200,2,677741,502761
20220704,93051850,None,496140,10,123.88,326,2,679283,514100
20220704,93052490,None,497105,2,128.87,200,2,680950,523372
20220704,93052980,None,497836,2,128.04,400,2,682605,524310
20220704,93053340,None,498590,2,122,400,1,683960,525224
20220704,93053530,None,499355,10,126.8,1800,2,685391,322286
20220704,93053740,None,500032,2,123.87,26,2,686541,527030
20220704,93054800,None,502807,10,122.01,200,1,691722,327618
20220704,93054820,None,502829,10,122.03,800,1,691761,388991
20220704,93056730,None,507006,2,124.88,200,2,699041,535302
20220704,93057440,None,508702,2,122.23,400,1,702253,537431
20220704,93057620,None,509007,2,123.01,200,1,702774,537767
20220704,93057860,None,509349,2,123.94,834,1,703296,538147
20220704,93058130,None,509713,10,119,300,1,703900,252776
20220704,93058280,None,509924,10,145.8,3002,2,704289,178563
20220704,93058300,None,509951,2,123.87,200,1,704327,538836
20220704,93059400,None,512012,2,123.94,66,2,707990,541256
20220704,93059530,None,512575,2,124.04,200,2,708932,541929
20220704,93059530,None,512646,2,123.87,409,1,709038,542012
20220704,93059670,None,513104,2,124.03,200,2,709866,542591
20220704,93100000,None,513883,2,124,200,2,711186,543504
20220704,93100620,None,515606,10,123.01,200,1,714094,537767
20220704,93100940,None,516029,2,124.04,259,2,714956,545855
20220704,93100990,None,516088,2,124,300,2,715065,545928
20220704,93101020,None,516128,2,123.94,200,2,715139,545979
20220704,93101100,None,516226,2,124,272,2,715316,546103
20220704,93101190,None,516391,2,125.51,200,2,715643,546276
20220704,93102030,None,517706,10,122,200,1,718171,194526
20220704,93102250,None,518111,2,123.05,600,1,718920,548498
20220704,93102360,None,518490,2,128.88,300,2,719683,548960
20220704,93102390,None,518629,2,123.94,400,2,719908,549112
20220704,93102390,None,518631,2,123.93,200,2,719911,549114
20220704,93102460,None,519026,2,123,200,1,720647,549550
20220704,93102490,None,519129,2,123.93,1000,2,720823,549686
20220704,93102550,None,519313,10,122.02,200,1,721121,344554
20220704,93102570,None,519403,2,123.94,200,2,721392,550043
20220704,93102570,None,519404,10,124.04,200,2,721393,541929
20220704,93102790,None,519857,2,123.01,480,1,722206,550610
20220704,93103710,None,522269,10,122.03,500,1,726432,346121
20220704,93104030,None,522771,10,123.94,200,2,727281,545979
20220704,93104340,None,523304,2,123.91,200,2,728318,554790
20220704,93104800,None,524084,10,122.28,600,1,729710,521255
20220704,93104870,None,524200,2,124.11,427,2,729904,555832
20220704,93105350,None,525530,2,123.87,500,1,732271,557385
20220704,93105420,None,525885,2,123.93,400,2,732933,557849
20220704,93105440,None,526006,2,123.93,400,2,733118,557986
20220704,93106180,None,528429,2,124,1000,2,737628,560835
20220704,93106360,None,528824,2,123.93,511,2,738313,561282
20220704,93106410,None,528963,10,124.04,259,2,738521,545855
20220704,93106700,None,529541,10,125.51,200,2,739553,546276
20220704,93107090,None,530096,2,123.95,200,2,740559,562701
20220704,93107370,None,530640,2,115.58,200,1,741464,563332
20220704,93108070,None,532097,2,123.01,942,2,744109,564861
20220704,93108390,None,533211,2,123.01,298,1,746034,566029
20220704,93108630,None,534328,2,124,302,2,748157,567232
20220704,93109760,None,537486,2,123,232,2,753689,570764
20220704,93109970,None,537806,2,126,210,2,754315,571127
20220704,93110130,None,538091,2,123.05,3544,2,754731,571446
20220704,93110900,None,539681,10,126,80,2,757629,452723
20220704,93111180,None,540518,2,125.47,200,2,759074,574174
20220704,93111250,None,540838,2,125,1000,2,759590,574527
20220704,93111420,None,541639,2,122.5,432,1,760897,575398
20220704,93111440,None,541865,2,122.5,380,1,761240,575641
20220704,93111550,None,542651,2,122.92,34,2,762411,576505
20220704,93111570,None,542753,10,124.11,427,2,762597,555832
20220704,93111570,None,542830,10,122.21,725,1,762730,381786
20220704,93111670,None,543089,2,129.55,1500,2,763295,577055
20220704,93112170,None,545255,2,123.01,577,2,766695,579418
20220704,93112190,None,545322,2,125.5,1163,2,766813,579475
20220704,93112220,None,545422,10,123.93,511,2,767006,561282
20220704,93112500,None,546076,2,122.99,700,2,768079,580311
20220704,93112700,None,546467,10,123.95,200,2,768787,562701
20220704,93113310,None,547495,2,123.79,200,2,770620,581892
20220704,93114090,None,549474,2,126,200,2,773836,584054
20220704,93114210,None,549734,2,123,200,2,774223,584335
20220704,93114240,None,549797,2,128.05,200,2,774308,584407
20220704,93114460,None,551236,10,123.93,400,2,776561,557986
20220704,93114490,None,551569,2,123.5,300,2,777069,586444
20220704,93114530,None,551911,2,122.99,200,2,777518,586834
20220704,93114530,None,551912,10,123.94,200,2,777520,550043
20220704,93114790,None,552885,2,123.5,200,2,779230,587892
20220704,93115050,None,554038,2,123.5,300,2,781230,589251
20220704,93115470,None,555251,2,123.05,978,2,783282,590506
20220704,93115780,None,555860,2,124,200,2,784343,591130
20220704,93116680,None,557655,2,126.02,280,2,787842,593290
20220704,93117320,None,559793,10,119.11,400,1,791433,390682
20220704,93117780,None,562237,2,122.99,1468,1,795371,598257
20220704,93117840,None,562419,2,122.5,1920,2,795684,598453
20220704,93118280,None,564113,2,122.5,600,2,798624,600345
20220704,93118340,None,564280,2,122.99,281,2,798938,600555
20220704,93118550,None,564794,2,119.02,300,1,799733,601092
20220704,93118560,None,564858,2,122.88,200,2,799815,601146
20220704,93118920,None,565494,10,123.79,200,2,801023,581892
20220704,93119720,None,566890,2,128.2,200,2,803662,603530
20220704,93120240,None,568389,2,122.5,200,2,806162,605130
20220704,93120270,None,568525,2,123.78,200,2,806398,605267
20220704,93120560,None,570102,2,122.02,2670,1,808948,606901
20220704,93120560,None,570138,2,122.02,800,1,809001,606936
20220704,93120740,None,570679,2,122.03,400,1,809869,607505
20220704,93120880,None,570941,10,122.5,600,2,810487,600345
20220704,93121010,None,571552,2,122.5,310,2,811699,608474
20220704,93122840,None,575179,2,129.69,1500,2,818316,612704
20220704,93122840,None,575185,2,122.04,200,1,818327,612714
20220704,93122860,None,575226,2,122.04,200,1,818410,612771
20220704,93123210,None,576388,2,126.8,1800,2,820475,614036
20220704,93124000,None,578916,2,122.01,200,1,825205,616878
20220704,93124270,None,579709,2,122.5,326,2,826515,617781
20220704,93124270,None,579710,10,122.99,281,2,826516,600555
20220704,93125020,None,581104,2,122.08,215,1,829011,619312
20220704,93125170,None,581364,2,123,3000,2,829497,619578
20220704,93125180,None,581386,10,122.88,200,2,829532,601146
20220704,93125900,None,582812,10,123.94,400,2,832077,549112
20220704,93125920,None,582861,10,123.78,200,2,832141,605267
20220704,93126010,None,583188,2,122.5,300,2,832716,621672
20220704,93126110,None,583436,2,123.84,200,2,833201,621977
20220704,93126230,None,583742,2,122.01,500,1,833715,622320
20220704,93126910,None,586051,2,133,1100,2,837783,624943
20220704,93126980,None,586218,2,122.49,261,2,838156,625151
20220704,93128670,None,589264,2,122.03,1105,2,843552,628657
20220704,93128840,None,589638,2,122.03,113,1,844185,629042
20220704,93128840,None,589639,2,122.03,1200,1,844186,629043
20220704,93128840,None,589649,2,122.03,200,1,844200,629051
20220704,93128840,None,589653,2,122.03,200,1,844204,629053
20220704,93128870,None,589779,2,122.03,400,1,844408,629196
20220704,93128920,None,589929,2,122.03,672,1,844647,629371
20220704,93128940,None,589996,2,122.03,552,1,844764,629462
20220704,93129030,None,590286,10,122.5,310,2,845247,608474
20220704,93129410,None,591437,2,122.12,200,1,847169,631046
20220704,93130060,None,593269,2,122.5,200,2,850655,633230
20220704,93130090,None,593390,2,122.12,200,1,850849,633382
20220704,93130790,None,594833,10,122.5,111,2,853592,617781
20220704,93130790,None,594834,2,122.03,202,2,853593,635078
20220704,93131360,None,595734,2,122.08,200,2,855277,636168
20220704,93131630,None,596206,10,123.84,200,2,856103,621977
20220704,93131710,None,596343,2,122.02,186,2,856295,636825
20220704,93131710,None,596344,2,122.02,300,2,856296,636826
20220704,93131710,None,596345,2,122.02,200,2,856297,636827
20220704,93131710,None,596346,2,122.02,300,2,856298,636828
20220704,93131980,None,597033,2,122.02,200,2,857530,637579
20220704,93132010,None,597076,2,122.01,55,2,857607,637624
20220704,93132010,None,597093,2,122.01,200,2,857632,637640
20220704,93132010,None,597117,2,122.01,200,2,857668,637658
20220704,93132010,None,597119,2,122.01,300,2,857670,637660
20220704,93132010,None,597120,2,122.01,200,2,857671,637661
20220704,93132010,None,597121,2,122.01,200,2,857672,637662
20220704,93132040,None,597207,2,122.01,400,2,857845,637781
20220704,93132040,None,597208,2,122.01,400,2,857846,637782
20220704,93132180,None,597530,2,122.91,200,2,858409,638185
20220704,93132570,None,598819,10,128,440,2,860662,508616
20220704,93132700,None,599098,2,129.88,2000,2,861178,639998
20220704,93133620,None,601444,10,125.7,200,2,865341,470979
20220704,93133880,None,601908,2,122.03,1000,2,866192,642910
20220704,93134910,None,603972,2,122.01,400,2,869532,644963
20220704,93134930,None,604033,2,122.01,200,2,869625,645026
20220704,93135070,None,604481,10,124.11,4924,2,870357,480053
20220704,93135240,None,605031,2,125.58,200,2,871208,646111
20220704,93135670,None,606477,2,123,200,2,873746,647795
20220704,93135770,None,606724,2,122.5,4757,1,874172,648057
20220704,93136960,None,609350,2,122.49,200,1,878674,650972
20220704,93137480,None,610204,10,122.91,200,2,880123,638185
20220704,93137810,None,610860,10,124.04,945,2,881385,468571
20220704,93137880,None,611068,2,122.99,200,2,881738,652890
20220704,93137930,None,611230,2,123,200,2,882005,653037
20220704,93138120,None,611817,2,122.83,200,2,882941,653642
20220704,93139590,None,615521,2,122.05,1569,1,889321,657838
20220704,93140090,None,616431,2,122,300,1,890980,658836
20220704,93140540,None,617227,2,125,900,2,892515,659808
20220704,93140990,None,618370,2,122.83,200,2,894614,661146
20220704,93141040,None,618502,2,121.85,800,1,894850,661308
20220704,93141680,None,620489,2,130,2000,2,898218,663530
20220704,93142830,None,623249,10,122.49,200,1,902878,650972
20220704,93143240,None,623941,2,128,400,2,904208,667179
20220704,93143380,None,624156,10,125.77,286,2,904634,464500
20220704,93143840,None,625085,10,122.83,200,2,906233,653642
20220704,93144910,None,628024,10,124,300,2,911570,545928
20220704,93146420,None,630906,10,122.05,1569,1,916850,657838
20220704,93147150,None,632626,2,122.5,91,2,920032,677088
20220704,93147150,None,632627,2,122.5,200,2,920033,677089
20220704,93147180,None,632756,10,123.93,278,2,920261,557849
20220704,93147340,None,633492,2,122.99,200,2,921355,677933
20220704,93147340,None,633494,10,122.83,200,2,921358,661146
20220704,93148520,None,636221,2,124.97,310,2,926239,680976
20220704,93148620,None,636389,2,122.5,573,2,926517,681164
20220704,93148800,None,636675,2,122.83,200,2,927008,681460
20220704,93149640,None,638110,10,122.5,91,2,929535,677089
20220704,93150300,None,639963,2,122.5,200,2,932712,685111
20220704,93150300,None,639971,2,122.5,286,2,932721,685117
20220704,93150300,None,639976,2,125.8,2600,2,932728,685124
20220704,93150340,None,640111,10,122.99,200,2,932980,677933
20220704,93150340,None,640112,10,123,200,2,932981,653037
20220704,93150930,None,641642,2,124,440,2,935697,686869
20220704,93151290,None,642563,2,130.55,2000,2,937408,687962
20220704,93151600,None,643134,2,123,80,2,938518,688595
20220704,93151600,None,643153,10,126,210,2,938553,571127
20220704,93152080,None,643880,10,135,80,2,939769,475472
20220704,93153500,None,647098,2,125.5,200,2,945230,693105
20220704,93154920,None,650303,2,120.77,200,1,950596,696514
20220704,93155570,None,651417,10,125.78,8800,2,952397,473026
20220704,93156190,None,653022,2,122.5,300,2,954821,699463
20220704,93159340,None,659946,2,122.55,828,1,966910,707247
20220704,93159560,None,660579,10,121.5,200,1,967943,127612
20220704,93201200,None,663910,2,122,1300,1,973692,711522
20220704,93201400,None,664264,2,130.88,2000,2,974243,711857
20220704,93201520,None,664470,2,122.98,200,2,974573,712082
20220704,93201540,None,664518,2,122.55,122,2,974637,712118
20220704,93201540,None,664519,10,122.99,200,2,974638,652890
20220704,93201540,None,664541,2,122.55,591,2,974672,712142
20220704,93201540,None,664542,2,122.55,482,2,974673,712143
20220704,93201600,None,664690,2,122.99,200,2,974881,712277
20220704,93201650,None,664845,2,122.55,200,2,975136,712445
20220704,93201720,None,665018,2,122.98,306,2,975466,712627
20220704,93201720,None,665019,2,122.98,293,2,975467,712628
20220704,93203480,None,669523,2,122.01,200,1,983580,717841
20220704,93204030,None,670417,10,122.55,591,2,985208,712142
20220704,93204030,None,670418,10,122.55,482,2,985209,712143
20220704,93204510,None,671155,10,122.98,200,2,986426,712082
20220704,93204580,None,671311,10,122.55,122,2,986645,712118
20220704,93204600,None,671364,2,122.55,200,2,986721,719826
20220704,93204650,None,671473,10,122.99,200,2,986905,712277
20220704,93204690,None,671579,2,122.54,6900,2,987078,720047
20220704,93204770,None,671747,2,122.54,200,2,987401,720225
20220704,93204770,None,671748,2,122.54,1100,2,987402,720226
20220704,93204820,None,671859,2,122.54,1000,2,987595,720356
20220704,93204820,None,671860,2,122.54,1200,2,987596,720357
20220704,93204820,None,671861,2,122.54,1500,2,987597,720358
20220704,93204820,None,671862,2,122.54,900,2,987598,720359
20220704,93204820,None,671863,2,122.54,1000,2,987599,720360
20220704,93205050,None,672571,2,122.54,6900,2,989001,721287
20220704,93206220,None,675771,2,122.54,6900,2,994629,724924
20220704,93206440,None,676240,2,122.55,212,2,995481,725426
20220704,93206920,None,677002,2,132.26,600,2,996731,726252
20220704,93207470,None,677960,2,125.55,1000,2,998192,727280
20220704,93207520,None,678063,2,122.2,357,2,998382,727402
20220704,93207550,None,678084,2,122.53,200,2,998415,727424
20220704,93207550,None,678101,2,122.53,200,2,998442,727446
20220704,93207590,None,678261,2,122.27,200,2,998675,727605
20220704,93207590,None,678263,2,122.54,600,2,998677,727607
20220704,93207590,None,678268,2,122.27,200,2,998690,727613
20220704,93207590,None,678269,2,122.27,200,2,998691,727614
20220704,93207590,None,678279,2,122.27,200,2,998705,727624
20220704,93207590,None,678281,2,122.27,200,2,998707,727626
20220704,93207590,None,678293,2,122.27,200,2,998721,727636
20220704,93207640,None,678363,2,122.27,200,2,998820,727701
20220704,93207640,None,678373,2,122.27,200,2,998831,727709
20220704,93207640,None,678397,10,122.55,200,2,998875,719826
20220704,93207650,None,678416,2,122.27,200,2,998901,727750
20220704,93207670,None,678439,2,122.27,200,2,998934,727772
20220704,93207670,None,678466,2,122.27,200,2,998979,727806
20220704,93207810,None,678901,2,122.27,200,2,999669,728244
20220704,93208190,None,680091,2,122.53,200,2,1001605,729529
20220704,93209650,None,683533,2,122,4782,2,1007798,733488
20220704,93209750,None,683687,2,122.01,10218,1,1008074,733644
20220704,93210190,None,684362,2,131,2000,2,1009123,734350
20220704,93210510,None,684928,10,122.53,200,2,1010054,727424
20220704,93210540,None,684983,2,122.2,200,2,1010160,735026
20220704,93210570,None,685022,10,122.27,200,2,1010236,727605
20220704,93210570,None,685055,10,122.27,200,2,1010276,727613
20220704,93210570,None,685056,10,122.27,200,2,1010277,727614
20220704,93210590,None,685084,10,117,900,1,1010314,87650
20220704,93210620,None,685120,10,122.27,200,2,1010369,727636
20220704,93210620,None,685121,10,122.27,200,2,1010370,727624
20220704,93210620,None,685122,10,122.27,200,2,1010371,727626
20220704,93210620,None,685132,10,122.27,200,2,1010387,727701
20220704,93210640,None,685199,10,122.27,200,2,1010492,727750
20220704,93210660,None,685211,2,122.2,200,2,1010506,735275
20220704,93210660,None,685212,10,122.54,600,2,1010508,727607
20220704,93210660,None,685216,10,122.27,200,2,1010516,727709
20220704,93210680,None,685254,10,122.27,200,2,1010569,727806
20220704,93210680,None,685256,10,122.27,200,2,1010573,727772
20220704,93210680,None,685277,10,122.55,200,2,1010598,712445
20220704,93210780,None,685539,10,122.27,200,2,1010969,728244
20220704,93211200,None,686907,2,122,200,1,1013145,737047
20220704,93211300,None,687244,2,122.19,800,2,1013677,737433
20220704,93212880,None,690824,2,122.2,302,2,1019780,741314
20220704,93212880,None,690825,10,122.55,212,2,1019781,725426
20220704,93213450,None,691678,2,124,1000,2,1021287,742298
20220704,93213560,None,691915,2,122.1,200,2,1021716,742584
20220704,93213590,None,691950,2,123.5,220,2,1021794,742627
20220704,93213590,None,691954,2,122.1,200,2,1021798,742631
20220704,93213590,None,691955,2,122.1,200,2,1021799,742632
20220704,93213610,None,692008,2,122.1,200,2,1021883,742692
20220704,93213610,None,692017,2,122.1,200,2,1021898,742703
20220704,93213610,None,692020,2,122.1,200,2,1021902,742707
20220704,93213610,None,692051,2,122.1,200,2,1021958,742745
20220704,93213630,None,692058,2,122.1,200,2,1021965,742750
20220704,93213630,None,692078,2,122.1,200,2,1021990,742771
20220704,93213630,None,692082,2,122.1,200,2,1021994,742773
20220704,93213650,None,692127,2,122.2,200,2,1022057,742819
20220704,93213650,None,692128,2,122.54,200,2,1022058,742820
20220704,93213670,None,692164,2,122.1,200,2,1022113,742860
20220704,93213830,None,692511,10,122.54,6900,2,1022688,721287
20220704,93213830,None,692512,2,122.2,5000,2,1022689,743203
20220704,93214410,None,694252,2,122.08,1023,1,1025594,744983
20220704,93215360,None,696501,10,122.2,5000,2,1029234,743203
20220704,93215360,None,696503,2,122.19,8100,2,1029236,747260
20220704,93216520,None,698297,2,122.08,477,2,1032546,749270
20220704,93216520,None,698298,2,122.08,600,2,1032547,749271
20220704,93216540,None,698349,2,122.08,200,2,1032613,749314
20220704,93216560,None,698448,10,122.1,200,2,1032788,742750
20220704,93216580,None,698493,10,122.1,200,2,1032849,742632
20220704,93216580,None,698494,10,122.1,200,2,1032850,742631
20220704,93216610,None,698577,10,122.1,200,2,1032983,742773
20220704,93216610,None,698581,10,122.1,200,2,1032992,742703
20220704,93216610,None,698608,10,122.1,200,2,1033029,742692
20220704,93216610,None,698610,10,122.1,200,2,1033031,742707
20220704,93216610,None,698611,10,122.1,200,2,1033032,742584
20220704,93216640,None,698658,10,122.1,200,2,1033091,742771
20220704,93216640,None,698695,10,122.1,200,2,1033137,742745
20220704,93216670,None,698745,2,122.1,200,2,1033204,749660
20220704,93216670,None,698746,10,122.2,200,2,1033205,742819
20220704,93216670,None,698747,10,122.54,200,2,1033206,742820
20220704,93216670,None,698782,10,122.1,200,2,1033259,742860
20220704,93216700,None,698833,2,122.08,200,2,1033330,749743
20220704,93216720,None,698865,2,122.09,200,2,1033376,749775
20220704,93216770,None,698965,2,122.09,8100,2,1033563,749892
20220704,93216770,None,698966,10,122.19,8100,2,1033564,747260
20220704,93218430,None,702850,2,122.07,400,2,1040027,754074
20220704,93218430,None,702851,2,122.07,332,2,1040028,754075
20220704,93218510,None,703002,10,122.08,600,2,1040259,749271
20220704,93219520,None,704552,10,122.08,277,2,1042912,749270
20220704,93219580,None,704706,2,122.03,200,2,1043205,756083
20220704,93219580,None,704707,2,122.03,200,2,1043206,756084
20220704,93219600,None,704737,2,122.03,200,2,1043312,756126
20220704,93219600,None,704752,2,122.03,200,2,1043346,756148
20220704,93219600,None,704762,2,122.03,200,2,1043365,756163
20220704,93219600,None,704763,2,122.03,200,2,1043366,756164
20220704,93219630,None,704795,2,122.03,200,2,1043430,756210
20220704,93219630,None,704799,2,122.03,200,2,1043436,756213
20220704,93219630,None,704804,2,122.03,200,2,1043442,756217
20220704,93219660,None,704865,2,122.07,200,2,1043519,756265
20220704,93219660,None,704866,10,122.1,200,2,1043520,749660
20220704,93219680,None,704893,2,122.03,200,2,1043591,756304
20220704,93219680,None,704903,10,122.09,8100,2,1043619,749892
20220704,93219680,None,704904,2,122.06,8100,2,1043620,756318
20220704,93219690,None,704930,2,122.03,200,2,1043665,756355
20220704,93219760,None,705087,10,122.09,200,2,1043900,749775
20220704,93220510,None,706920,2,122.02,200,1,1047181,758797
20220704,93222540,None,710546,10,122.08,200,2,1053654,749314
20220704,93222560,None,710599,10,122.03,200,2,1053729,756126
20220704,93222560,None,710614,10,122.03,200,2,1053753,756163
20220704,93222580,None,710651,10,122.03,200,2,1053846,756083
20220704,93222580,None,710652,10,122.03,200,2,1053847,756084
20220704,93222600,None,710687,10,122.03,200,2,1053911,756148
20220704,93222620,None,710701,10,122.03,200,2,1053941,756164
20220704,93222640,None,710746,10,122.03,200,2,1054017,756210
20220704,93222640,None,710765,10,122.03,200,2,1054054,756217
20220704,93222640,None,710776,10,122.03,200,2,1054077,756213
20220704,93222660,None,710786,2,122.03,200,2,1054097,763022
20220704,93222680,None,710825,10,122.03,200,2,1054150,756304
20220704,93222680,None,710839,10,122.03,200,2,1054169,756355
20220704,93222810,None,711151,10,122.06,8100,2,1054716,756318
20220704,93222810,None,711152,2,122.02,7700,2,1054717,763422
20220704,93224580,None,714888,2,121.88,930,2,1061149,767815
20220704,93225050,None,715515,2,122.01,200,2,1062323,768505
20220704,93225500,None,716267,2,122.01,3000,2,1063613,769334
20220704,93225650,None,716581,2,121.88,200,2,1064082,769668
20220704,93225650,None,716582,10,122.07,200,2,1064086,756265
20220704,93225650,None,716583,10,122.03,200,2,1064087,763022
20220704,93225890,None,717275,10,122.02,7200,2,1065222,763422
20220704,93225920,None,717377,10,122.98,293,2,1065386,712628
20220704,93225970,None,717469,2,122.01,200,2,1065558,770638
20220704,93227310,None,720381,10,122.08,200,2,1070527,749743
20220704,93227380,None,720517,2,122.01,200,2,1070810,774049
20220704,93227430,None,720607,2,121.87,4032,2,1070982,774140
20220704,93228560,None,722530,2,121.86,200,2,1074061,776172
20220704,93228590,None,722536,2,121.86,200,2,1074070,776180
20220704,93228610,None,722585,2,121.86,200,2,1074145,776242
20220704,93228610,None,722595,2,121.87,200,2,1074163,776254
20220704,93228610,None,722618,2,121.86,200,2,1074213,776287
20220704,93228630,None,722636,2,121.86,200,2,1074244,776311
20220704,93228640,None,722659,2,121.86,200,2,1074296,776343
20220704,93228640,None,722675,2,121.86,200,2,1074325,776365
20220704,93228640,None,722686,2,121.86,200,2,1074342,776379
20220704,93228640,None,722690,2,121.86,200,2,1074352,776388
20220704,93228680,None,722743,2,121.86,200,2,1074437,776445
20220704,93228680,None,722744,2,121.86,200,2,1074439,776447
20220704,93228750,None,722873,2,122.01,96,2,1074617,776562
20220704,93228800,None,722965,2,121.86,200,2,1074784,776678
20220704,93229500,None,724829,2,122.01,10000,2,1077917,778851
20220704,93229560,None,724963,10,122.07,332,2,1078158,754075
20220704,93229560,None,724964,10,122.07,400,2,1078159,754074
20220704,93229940,None,725689,2,129.99,3347,2,1079343,779764
20220704,93229940,None,725758,2,121.88,200,2,1079484,779856
20220704,93230360,None,726616,10,125.6,1925,2,1080928,460863
20220704,93230470,None,726846,2,121.87,2613,2,1081321,781067
20220704,93230730,None,727263,2,121.87,210,2,1082092,781531
20220704,93231160,None,727921,10,122.01,3000,2,1083177,769334
20220704,93231560,None,728591,10,125.69,2725,2,1084386,456284
20220704,93231600,None,728689,2,121.87,200,2,1084566,783158
20220704,93231600,None,728690,2,122.01,200,2,1084567,783159
20220704,93231630,None,728714,2,121.87,800,2,1084611,783188
20220704,93233030,None,732035,10,122.01,200,2,1090387,770638
20220704,93235350,None,736555,2,121.86,2800,2,1098169,792255
20220704,93235350,None,736556,10,125.49,300,2,1098170,465194
20220704,93235460,None,736788,10,121.87,800,2,1098573,783188
20220704,93235460,None,736789,10,122.54,6900,2,1098574,724924
20220704,93235460,None,736790,2,121.86,1600,2,1098575,792525
20220704,93235760,None,737368,10,121.88,200,2,1099604,779856
20220704,93236580,None,738988,2,121.88,18338,1,1102146,794895
20220704,93237310,None,740071,2,121.87,200,1,1104045,796129
20220704,93238120,None,741831,10,124,272,2,1106882,546103
20220704,93238370,None,742623,2,122,300,2,1108164,798956
20220704,93238460,None,742821,2,122.01,200,2,1108521,799210
20220704,93240750,None,746958,10,122.01,96,2,1115640,776562
20220704,93245280,None,756559,2,121.99,180,2,1132558,815109
20220704,93245280,None,756586,2,121.99,17,2,1132605,815140
20220704,93245280,None,756587,2,121.99,380,2,1132606,815141
20220704,93245280,None,756588,2,121.99,200,2,1132607,815142
20220704,93245280,None,756589,2,121.99,103,2,1132608,815143
20220704,93245280,None,756590,2,121.99,85,2,1132609,815144
20220704,93245650,None,757229,2,121.99,400,2,1133690,815799
20220704,93246040,None,757730,10,122.01,200,2,1134635,768505
20220704,93247370,None,760651,2,121.99,200,2,1139698,819644
20220704,93250220,None,765731,2,120.39,800,1,1148143,825313
20220704,93251070,None,767323,2,120.27,3459,2,1150904,827075
20220704,93251180,None,767504,2,120.27,64,1,1151223,827293
20220704,93251180,None,767505,2,120.27,3600,1,1151224,827294
20220704,93251230,None,767562,2,120.27,1200,1,1151315,827359
20220704,93251230,None,767563,2,120.27,2400,1,1151316,827360
20220704,93251230,None,767590,2,120.27,200,1,1151369,827393
20220704,93251230,None,767591,2,120.27,600,1,1151370,827394
20220704,93251230,None,767592,2,120.27,600,1,1151371,827395
20220704,93252080,None,768842,2,121.89,200,1,1153412,828761
20220704,93252190,None,768979,10,120.27,64,1,1153621,827293
20220704,93252190,None,768994,10,120.27,3600,1,1153648,827294
20220704,93252200,None,769029,2,121.89,400,2,1153703,828955
20220704,93253210,None,770999,2,121.99,200,2,1157120,831180
20220704,93253370,None,771336,2,120.28,1396,1,1157778,831577
20220704,93253540,None,771675,2,121.88,680,2,1158351,831961
20220704,93253680,None,771934,10,120.27,1200,1,1158783,827359
20220704,93253720,None,771961,10,120.27,2400,1,1158853,827360
20220704,93253940,None,772320,2,121.88,300,2,1159465,832680
20220704,93254050,None,772526,10,125.7,599,2,1159822,454286
20220704,93254220,None,772850,10,120.27,200,1,1160421,827393
20220704,93254220,None,772851,10,120.27,600,1,1160422,827394
20220704,93254220,None,772852,10,120.27,600,1,1160423,827395
20220704,93254510,None,773292,2,128,500,2,1161266,833785
20220704,93255890,None,775633,2,120.28,300,1,1165063,836376
20220704,93256010,None,775890,2,121.88,227,2,1165425,836636
20220704,93256010,None,775908,2,121.88,1900,2,1165462,836652
20220704,93256130,None,776127,2,121.88,200,2,1165849,836896
20220704,93256160,None,776278,10,122.01,200,2,1166123,799210
20220704,93256160,None,776279,10,122.01,200,2,1166126,783159
20220704,93256160,None,776281,10,121.99,200,2,1166128,819644
20220704,93256570,None,777085,2,139.96,200,2,1167654,838039
20220704,93257160,None,778093,2,125.5,5000,2,1169382,839185
20220704,93257190,None,778165,2,121.87,2500,2,1169491,839266
20220704,93257620,None,778893,2,120.11,3000,1,1170648,840019
20220704,93258050,None,779545,2,120.01,1846,1,1171629,840705
20220704,93258090,None,779593,10,119.81,200,1,1171704,281013
20220704,93258670,None,780668,2,121.87,200,2,1173620,841960
20220704,93258700,None,780723,2,121.86,612,2,1173697,842015
20220704,93300020,None,783496,10,121.88,300,2,1178412,832680
20220704,93300180,None,783878,2,121.87,200,2,1179041,845573
20220704,93300250,None,784063,2,121.86,200,2,1179286,845731
20220704,93300250,None,784064,2,121.86,200,2,1179287,845732
20220704,93300310,None,784235,2,121.86,200,2,1179562,845898
20220704,93300590,None,784902,10,121.99,65,2,1180690,815799
20220704,93301200,None,785887,2,125,230,2,1182275,847659
20220704,93301580,None,786557,2,121.87,200,2,1183685,848393
20220704,93301650,None,786749,10,121.88,1900,2,1184039,836652
20220704,93301650,None,786750,2,121.87,3800,2,1184040,848638
20220704,93302650,None,789848,2,121.88,200,2,1189380,852155
20220704,93302960,None,790333,2,120.29,200,1,1190241,852689
20220704,93302960,None,790342,2,120.29,200,1,1190252,852698
20220704,93304550,None,793541,2,120.29,300,1,1195833,856291
20220704,93304550,None,793542,2,121.87,400,2,1195834,856292
20220704,93304620,None,793752,2,121.87,200,2,1196158,856480
20220704,93304650,None,793808,10,120.28,1396,1,1196233,831577
20220704,93304650,None,793809,2,120.3,1396,1,1196234,856530
20220704,93305450,None,796577,2,120.28,200,1,1201001,859517
20220704,93305720,None,797247,2,120.3,200,1,1202205,860227
20220704,93305720,None,797251,2,120.3,200,1,1202210,860232
20220704,93305800,None,797382,2,120.3,200,1,1202445,860365
20220704,93306030,None,797855,2,122,2386,1,1203205,860873
20220704,93306140,None,798193,2,120.29,200,1,1203894,861331
20220704,93306140,None,798199,2,120.29,200,1,1203906,861337
20220704,93307520,None,800937,10,120.29,200,1,1208663,852689
20220704,93307540,None,800991,10,120.29,200,1,1208749,852698
20220704,93307560,None,801011,10,120.3,200,1,1208785,860232
20220704,93307560,None,801021,10,120.3,200,1,1208795,860227
20220704,93307560,None,801065,2,122,494,2,1208856,864674
20220704,93307590,None,801139,2,122,361,2,1208976,864763
20220704,93307590,None,801144,2,122,544,2,1208992,864773
20220704,93307610,None,801193,10,120.3,200,1,1209049,860365
20220704,93307690,None,801396,2,122.01,400,2,1209345,865030
20220704,93308160,None,802886,2,122.01,573,2,1211914,866844
20220704,93308250,None,803227,2,121.99,268,2,1212546,867270
20220704,93308900,None,804908,2,131.99,410,2,1215598,869172
20220704,93310530,None,807954,2,120.31,200,1,1220838,872664
20220704,93310530,None,807966,2,120.31,200,1,1220862,872682
20220704,93310550,None,808017,10,120.29,200,1,1220935,861337
20220704,93310560,None,808049,10,120.29,200,1,1220981,861331
20220704,93310580,None,808095,2,120.31,200,1,1221043,872814
20220704,93310580,None,808101,2,120.31,200,1,1221051,872818
20220704,93310580,None,808106,10,122,544,2,1221056,864773
20220704,93310610,None,808145,10,122,494,2,1221124,864674
20220704,93310610,None,808149,2,120.31,254,1,1221130,872867
20220704,93310610,None,808150,2,120.31,200,1,1221131,872868
20220704,93310630,None,808184,2,120.3,200,1,1221189,872906
20220704,93310630,None,808191,2,120.31,200,1,1221200,872911
20220704,93310630,None,808207,10,122,361,2,1221230,864763
20220704,93310650,None,808280,2,120.3,200,1,1221338,873006
20220704,93310670,None,808325,2,121.99,200,2,1221398,873050
20220704,93310870,None,808806,10,112.88,200,1,1222274,290682
20220704,93311260,None,810106,2,122,600,2,1224776,874968
20220704,93311370,None,810537,2,121.88,900,2,1225458,875438
20220704,93311820,None,811667,2,121.87,300,1,1227406,876569
20220704,93311950,None,811848,2,122,600,2,1227740,876776
20220704,93311950,None,811849,2,121.88,300,1,1227742,876777
20220704,93312240,None,812563,10,122,600,2,1228945,876776
20220704,93312440,None,813041,2,121.88,300,2,1229764,878112
20220704,93313520,None,814755,10,120.31,200,1,1232759,872682
20220704,93313520,None,814778,10,120.31,200,1,1232791,872664
20220704,93313540,None,814819,10,120.31,200,1,1232857,872814
20220704,93313570,None,814826,10,120.31,200,1,1232870,872818
20220704,93313570,None,814829,2,121.87,300,2,1232873,880132
20220704,93313570,None,814894,2,121.87,300,2,1232964,880192
20220704,93313620,None,814998,10,120.31,200,1,1233145,872911
20220704,93313630,None,815029,2,121.88,200,2,1233200,880337
20220704,93313660,None,815082,2,121.87,200,2,1233289,880394
20220704,93313670,None,815121,10,121.99,200,2,1233358,873050
20220704,93313670,None,815122,10,122.01,400,2,1233359,865030
20220704,93313670,None,815137,10,121.88,300,2,1233374,878112
20220704,93313710,None,815175,2,121.88,200,2,1233460,880489
20220704,93313850,None,815521,2,121.87,200,2,1233984,880858
20220704,93314110,None,816224,10,122,600,2,1235143,874968
20220704,93314570,None,817499,2,121.88,443,2,1237378,883026
20220704,93314570,None,817500,10,122.01,573,2,1237379,866844
20220704,93315450,None,819247,2,120.31,1500,1,1240350,884948
20220704,93315690,None,819628,10,121.88,200,2,1240949,880489
20220704,93316030,None,820147,2,121.8,840,2,1241813,885892
20220704,93316560,None,821003,10,120.3,200,1,1243223,873006
20220704,93316560,None,821009,2,121.8,200,2,1243229,886773
20220704,93316560,None,821013,10,120.3,200,1,1243233,872906
20220704,93316600,None,821130,2,120.31,200,1,1243444,886913
20220704,93316620,None,821172,2,121.8,200,2,1243535,886952
20220704,93316650,None,821228,2,120.31,200,1,1243638,887008
20220704,93316690,None,821269,10,121.88,200,2,1243694,880337
20220704,93316840,None,821639,10,121.87,300,2,1244315,880192
20220704,93316890,None,821781,10,121.87,300,2,1244544,880132
20220704,93317480,None,823322,2,120.31,500,1,1247201,889226
20220704,93317690,None,823725,2,120.32,200,1,1247883,889635
20220704,93317690,None,823733,2,120.32,200,1,1247899,889647
20220704,93317760,None,823798,2,120.32,200,1,1248001,889713
20220704,93317760,None,823819,2,120.32,200,1,1248043,889737
20220704,93317810,None,823886,2,120.32,597,1,1248140,889811
20220704,93317830,None,823916,2,120.32,200,1,1248188,889842
20220704,93318550,None,825224,10,120.3,1396,1,1250431,856530
20220704,93318610,None,825312,2,120.32,1396,1,1250611,891392
20220704,93318700,None,825442,2,120.32,200,1,1250803,891524
20220704,93319310,None,826365,10,121.99,268,2,1252365,867270
20220704,93319460,None,826582,2,120.32,200,1,1252708,892780
20220704,93319460,None,826586,2,120.32,200,1,1252713,892785
20220704,93319560,None,826755,10,120.31,200,1,1253036,886913
20220704,93319560,None,826757,10,120.31,200,1,1253039,887008
20220704,93319560,None,826762,2,121.79,400,2,1253047,892998
20220704,93319600,None,826860,2,120.32,200,1,1253230,893113
20220704,93319650,None,826948,2,120.32,200,1,1253391,893219
20220704,93319680,None,826980,10,120.31,54,1,1253475,872867
20220704,93320900,None,829638,2,121.8,481,2,1258136,896115
20220704,93320950,None,829717,10,121.88,443,2,1258278,883026
20220704,93321550,None,830988,2,125,208,2,1260312,897575
20220704,93321750,None,831229,2,120.35,302,1,1260750,897849
20220704,93322110,None,831706,2,121.87,1688,2,1261499,898366
20220704,93322760,None,832833,2,122,200,2,1263369,899619
20220704,93323410,None,834595,10,120.32,200,1,1266348,893113
20220704,93323410,None,834600,10,120.32,200,1,1266358,893219
20220704,93323460,None,834708,2,120.35,200,1,1266520,901733
20220704,93323520,None,834792,2,120.35,200,1,1266681,901819
20220704,93323520,None,834818,2,121.79,200,2,1266721,901847
20220704,93323600,None,834953,10,120.32,1396,1,1266971,891392
20220704,93323600,None,834954,2,120.36,1396,1,1266972,902003
20220704,93324350,None,836257,2,115.2,575,1,1269207,903433
20220704,93324770,None,836940,2,120.33,225,1,1270291,904116
20220704,93325680,None,838412,2,120.33,200,1,1272614,905691
20220704,93326390,None,840149,10,120.32,200,1,1275573,891524
20220704,93326390,None,840150,10,120.32,200,1,1275574,892780
20220704,93326410,None,840203,10,120.35,200,1,1275650,901733
20220704,93326410,None,840220,10,120.35,200,1,1275669,901819
20220704,93326430,None,840231,2,120.37,200,1,1275699,907739
20220704,93326430,None,840232,10,120.32,200,1,1275700,892785
20220704,93326460,None,840299,2,120.36,200,1,1275797,907800
20220704,93326460,None,840308,10,120.32,69,1,1275808,889842
20220704,93326460,None,840309,2,120.37,200,1,1275809,907806
20220704,93326500,None,840370,2,120.36,200,1,1275892,907867
20220704,93326900,None,841127,2,121.79,1000,2,1277103,908605
20220704,93326920,None,841151,2,126,281,2,1277130,908630
20220704,93327460,None,842189,2,121.79,510,2,1278689,909679
20220704,93327690,None,842499,2,120.37,200,1,1279123,909986
20220704,93327710,None,842516,2,120.37,200,1,1279181,910006
20220704,93328900,None,844590,10,121.87,200,2,1282723,880858
20220704,93329310,None,845735,2,120.37,597,1,1284730,913569
20220704,93329410,None,845960,10,120.36,200,1,1285094,907800
20220704,93329430,None,846017,10,120.36,200,1,1285185,907867
20220704,93329450,None,846072,2,120.37,200,1,1285257,913925
20220704,93329450,None,846089,10,120.28,300,1,1285277,836376
20220704,93329520,None,846212,2,120.37,200,1,1285452,914055
20220704,93329570,None,846278,2,120.37,200,1,1285579,914127
20220704,93329570,None,846298,10,120.36,1396,1,1285605,902003
20220704,93329570,None,846299,2,120.38,1396,1,1285606,914148
20220704,93330940,None,848704,2,112.81,200,1,1289487,916643
20220704,93331960,None,850709,10,120.33,225,1,1292644,904116
20220704,93332410,None,851787,10,120.37,200,1,1294428,914055
20220704,93332410,None,851789,10,120.37,200,1,1294430,913925
20220704,93332450,None,851906,2,120.38,200,1,1294621,919947
20220704,93332470,None,851984,2,120.38,200,1,1294743,920010
20220704,93333650,None,853963,10,128.76,239,2,1298206,294963
20220704,93334040,None,854517,10,120.37,597,1,1299085,913569
20220704,93334260,None,854892,2,120.48,500,1,1299662,923243
20220704,93334380,None,855102,2,111.79,500,1,1299948,923454
20220704,93334900,None,855960,10,120.31,500,1,1301436,889226
20220704,93334970,None,856112,2,120.41,1200,1,1301725,924665
20220704,93335070,None,856355,2,120.33,203,1,1302110,924935
20220704,93335120,None,856508,2,118,207,1,1302374,925099
20220704,93335190,None,856711,2,120.31,300,1,1302711,925326
20220704,93335410,None,857292,10,120.37,200,1,1303638,910006
20220704,93335410,None,857293,10,120.38,200,1,1303639,919947
20220704,93335410,None,857294,10,120.37,200,1,1303640,909986
20220704,93335410,None,857303,10,120.38,200,1,1303653,920010
20220704,93335450,None,857398,2,120.49,200,1,1303806,926092
20220704,93335450,None,857399,10,120.37,200,1,1303807,907739
20220704,93335450,None,857410,2,120.48,200,1,1303834,926103
20220704,93335480,None,857492,2,120.48,200,1,1303972,926193
20220704,93335560,None,857662,10,120.37,200,1,1304265,907806
20220704,93335560,None,857663,2,120.49,200,1,1304266,926391
20220704,93335610,None,857733,10,120.38,1396,1,1304372,914148
20220704,93335610,None,857737,2,120.49,1396,1,1304376,926465
20220704,93338390,None,863019,10,120.48,200,1,1313289,926103
20220704,93338390,None,863029,2,120.5,200,1,1313307,932321
20220704,93338390,None,863052,2,120.5,200,1,1313334,932337
20220704,93338390,None,863053,10,120.48,200,1,1313335,926193
20220704,93338450,None,863150,2,120.49,200,1,1313480,932427
20220704,93338470,None,863194,2,120.49,200,1,1313556,932475
20220704,93338940,None,863971,2,120.5,5000,1,1314824,933283
20220704,93339780,None,865559,2,121.78,200,2,1317373,934930
20220704,93340030,None,865893,10,121.8,840,2,1317890,885892
20220704,93340480,None,866588,2,120.52,1200,1,1319214,936071
20220704,93341230,None,868033,2,122,800,2,1321715,937837
20220704,93341440,None,868532,10,120.49,200,1,1322545,932475
20220704,93341440,None,868565,10,120.49,200,1,1322589,932427
20220704,93341490,None,868672,2,120.54,600,1,1322770,938525
20220704,93341490,None,868688,2,120.52,200,1,1322786,938537
20220704,93341490,None,868704,2,121.78,200,2,1322806,938553
20220704,93341540,None,868758,2,120.52,200,1,1322891,938608
20220704,93342430,None,870517,2,120.36,200,1,1325769,940484
20220704,93343750,None,872632,2,120.5,2518,2,1329206,942771
20220704,93343940,None,872951,2,120.5,1446,1,1329745,943091
20220704,93343960,None,873033,2,120.5,1200,1,1329891,943171
20220704,93343960,None,873034,2,120.5,1200,1,1329892,943172
20220704,93343990,None,873042,2,120.5,600,1,1329902,943178
20220704,93343990,None,873043,2,120.5,200,1,1329903,943179
20220704,93343990,None,873044,2,120.5,600,1,1329904,943180
20220704,93343990,None,873045,2,120.5,600,1,1329905,943181
20220704,93343990,None,873046,2,120.5,400,1,1329906,943182
20220704,93344060,None,873236,2,120.59,400,1,1330190,943396
20220704,93344060,None,873237,2,120.62,400,1,1330191,943397
20220704,93344060,None,873238,2,120.62,400,1,1330192,943398
20220704,93344190,None,873508,10,120.5,1446,1,1330659,943091
20220704,93344590,None,874530,10,120.49,1396,1,1332403,926465
20220704,93344590,None,874531,2,120.63,1396,1,1332404,944841
20220704,93345350,None,875898,10,120.41,1200,1,1334759,924665
20220704,93345660,None,876348,2,121.77,200,2,1335547,946839
20220704,93345720,None,876446,10,120.49,200,1,1335725,926092
20220704,93345790,None,876556,10,120.49,200,1,1335895,926391
20220704,93345820,None,876600,2,120.52,2730,2,1335954,947129
20220704,93346040,None,876881,2,110,200,1,1336452,947442
20220704,93346150,None,877069,2,121.77,800,2,1336800,947628
20220704,93346440,None,877495,10,120.5,584,1,1337501,943171
20220704,93346460,None,877542,10,120.5,1200,1,1337582,943172
20220704,93346640,None,877822,2,121.78,584,2,1338131,948503
20220704,93346720,None,877985,2,120.52,1200,1,1338383,948687
20220704,93346720,None,877987,2,120.52,584,1,1338385,948689
20220704,93346990,None,878506,10,120.5,600,1,1339294,943178
20220704,93346990,None,878507,10,120.5,200,1,1339295,943179
20220704,93346990,None,878508,10,120.5,600,1,1339296,943180
20220704,93346990,None,878509,10,120.5,600,1,1339297,943181
20220704,93346990,None,878510,10,120.5,400,1,1339298,943182
20220704,93347450,None,879862,10,121.8,200,2,1341422,886773
20220704,93347480,None,879931,2,121.77,200,2,1341539,950797
20220704,93347540,None,880026,10,121.8,200,2,1341737,886952
20220704,93347560,None,880068,2,121.77,300,2,1341798,950944
20220704,93348700,None,881949,2,128.6,280,2,1344948,952994
20220704,93349180,None,882612,10,120.52,1200,1,1345985,948687
20220704,93349180,None,882613,10,120.52,584,1,1345986,948689
20220704,93349570,None,883185,2,121.77,600,2,1346849,954332
20220704,93350210,None,884585,2,121.74,1200,2,1349152,955864
20220704,93350410,None,885083,10,120.29,300,1,1349941,856291
20220704,93350410,None,885084,10,120.37,200,1,1349942,914127
20220704,93350490,None,885275,10,121.79,200,2,1350234,901847
20220704,93350570,None,885426,10,120.35,302,1,1350490,897849
20220704,93350790,None,885740,2,120.62,200,2,1351038,957046
20220704,93351270,None,886599,2,120.49,200,2,1352653,958076
20220704,93351840,None,887385,2,115,200,1,1354025,958952
20220704,93352440,None,888211,2,121.74,626,2,1355373,959836
20220704,93352440,None,888212,10,121.8,481,2,1355374,896115
20220704,93353760,None,891047,2,121.73,200,2,1360061,962857
20220704,93354640,None,892389,2,119.01,200,1,1362301,964317
20220704,93355470,None,893500,10,123.05,3099,2,1364028,571446
20220704,93355540,None,893615,2,120.48,100,2,1364217,965618
20220704,93355540,None,893653,2,121.74,80,2,1364289,965666
20220704,93355570,None,893702,2,120.33,5000,1,1364362,965716
20220704,93356050,None,894709,2,120.48,500,1,1365895,966771
20220704,93356050,None,894710,2,120.48,600,1,1365896,966772
20220704,93356050,None,894711,2,120.48,200,1,1365897,966773
20220704,93356050,None,894712,2,120.48,600,1,1365898,966774
20220704,93356050,None,894713,2,120.48,400,1,1365899,966775
20220704,93356070,None,894760,2,120.48,200,1,1365964,966815
20220704,93356070,None,894761,2,120.48,200,1,1365965,966816
20220704,93356130,None,894897,10,120.31,200,1,1366179,872868
20220704,93356240,None,895206,10,121.78,200,2,1366736,938553
20220704,93356800,None,896401,2,124.87,239,2,1368524,968563
20220704,93356830,None,896468,2,121.74,200,2,1368661,968644
20220704,93357830,None,897955,2,120.79,3100,1,1371090,970201
20220704,93358170,None,898427,10,121.79,510,2,1371992,909679
20220704,93358170,None,898428,10,121.78,584,2,1371993,948503
20220704,93358170,None,898429,10,121.74,626,2,1371994,959836
20220704,93358560,None,898961,10,120.48,200,1,1372905,966815
20220704,93358560,None,898962,10,120.48,200,1,1372906,966816
20220704,93358710,None,899238,2,121.7,1200,2,1373324,971618
20220704,93359110,None,899997,10,120.48,500,1,1374521,966771
20220704,93359110,None,899998,10,120.48,600,1,1374522,966772
20220704,93359110,None,899999,10,120.48,200,1,1374523,966773
20220704,93359110,None,900000,10,120.48,600,1,1374524,966774
20220704,93359110,None,900001,10,120.48,400,1,1374525,966775
20220704,93359150,None,900099,10,121.79,400,2,1374676,892998
20220704,93359240,None,900392,2,121.7,200,2,1375202,972868
20220704,93359280,None,900495,2,121.7,200,2,1375397,972983
20220704,93359380,None,900667,2,121.69,663,2,1375656,973156
20220704,93359380,None,900668,2,121.69,528,2,1375657,973157
20220704,93400550,None,902936,2,121.7,300,2,1379502,975581
20220704,93401750,None,904806,2,118.04,200,1,1382788,977790
20220704,93402100,None,905621,2,115.35,200,1,1384186,978776
20220704,93402260,None,906171,2,121.69,200,2,1385129,979409
20220704,93402260,None,906175,10,121.77,200,2,1385133,950797
20220704,93402660,None,907186,10,121.7,549,2,1386846,971618
20220704,93404030,None,909754,2,121.69,202,2,1391175,983368
20220704,93404970,None,911523,2,129,700,2,1394399,985444
20220704,93405090,None,911876,10,121.77,300,2,1394953,950944
20220704,93405230,None,912217,2,121.69,300,2,1395718,986301
20220704,93405310,None,912547,2,121.69,200,2,1396303,986647
20220704,93405640,None,913403,2,120.8,1100,1,1397685,987539
20220704,93406180,None,914522,2,121.7,200,1,1399607,988732
20220704,93406570,None,915320,2,121.58,200,2,1400916,989599
20220704,93406570,None,915321,2,121.58,400,2,1400917,989600
20220704,93406570,None,915322,2,121.58,400,2,1400918,989601
20220704,93406570,None,915323,2,121.61,200,2,1400919,989602
20220704,93407290,None,916442,2,120.36,33333,1,1402702,990805
20220704,93407410,None,916671,2,126.66,500,2,1403085,991038
20220704,93408110,None,918391,2,121.5,4300,1,1405944,992936
20220704,93408270,None,919054,2,121.58,200,2,1407003,993621
20220704,93408390,None,919458,10,121.74,149,2,1407663,955864
20220704,93408450,None,919627,2,120.81,200,1,1407978,994174
20220704,93408550,None,919865,2,120.81,200,1,1408406,994445
20220704,93408550,None,919873,2,120.81,200,1,1408416,994453
20220704,93408630,None,920020,2,120.81,597,1,1408716,994634
20220704,93408680,None,920112,2,120.81,200,1,1408868,994729
20220704,93408710,None,920149,2,125.5,200,2,1408931,994760
20220704,93409210,None,921404,2,120,295,1,1410928,995978
20220704,93410250,None,923025,2,121.58,213,2,1413774,997746
20220704,93410700,None,923757,2,127,200,2,1415060,998615
20220704,93411020,None,924576,2,120,200,1,1416419,999546
20220704,93411220,None,925113,10,120.81,200,1,1417543,994174
20220704,93411270,None,925230,10,120.81,200,1,1417738,994445
20220704,93411270,None,925239,10,120.81,200,1,1417751,994453
20220704,93411340,None,925555,10,120.81,597,1,1418208,994634
20220704,93411390,None,925679,10,120.81,200,1,1418424,994729
20220704,93411420,None,925691,10,124,66,2,1418440,543504
20220704,93411780,None,926473,2,120.79,406,2,1419741,1001616
20220704,93411980,None,926843,2,120.79,400,1,1420483,1002020
20220704,93411980,None,926844,2,120.79,200,1,1420484,1002021
20220704,93411980,None,926845,2,120.79,600,1,1420485,1002022
20220704,93412450,None,927923,10,121.61,200,2,1422222,989602
20220704,93412630,None,928216,2,121.4,200,1,1422746,1003469
20220704,93413020,None,928756,2,121.5,200,2,1423753,1004055
20220704,93413050,None,928794,2,121.5,200,2,1423809,1004101
20220704,93413050,None,928820,2,121.49,200,2,1423882,1004131
20220704,93413150,None,928978,10,121.58,400,2,1424221,989601
20220704,93413190,None,929024,2,121.4,1600,2,1424309,1004393
20220704,93413310,None,929206,2,121.32,200,2,1424707,1004608
20220704,93413470,None,929419,10,121.4,1600,2,1425149,1004393
20220704,93413640,None,929756,2,120.8,200,2,1425708,1005256
20220704,93413850,None,930195,2,120.8,200,1,1426503,1005748
20220704,93413850,None,930196,2,120.8,400,1,1426504,1005749
20220704,93413850,None,930199,2,120.8,200,1,1426507,1005751
20220704,93413880,None,930207,2,121.4,1200,2,1426524,1005766
20220704,93413900,None,930295,2,120.8,600,1,1426746,1005872
20220704,93413900,None,930296,2,120.8,400,1,1426747,1005873
20220704,93413900,None,930297,2,120.8,200,1,1426749,1005875
20220704,93413950,None,930406,2,120.8,200,1,1426925,1006010
20220704,93413950,None,930443,2,120.8,200,1,1426985,1006053
20220704,93414010,None,930568,10,121.58,200,2,1427225,993621
20220704,93414050,None,930703,2,120.92,200,1,1427415,1006315
20220704,93414240,None,931303,2,120.8,200,1,1428320,1006965
20220704,93414270,None,931386,2,120.8,200,1,1428466,1007048
20220704,93414290,None,931506,2,120.8,200,1,1428662,1007183
20220704,93414290,None,931507,2,120.8,200,1,1428663,1007184
20220704,93414360,None,931675,2,120.8,200,1,1428907,1007339
20220704,93414980,None,932972,10,120.79,400,1,1431043,1002020
20220704,93414980,None,932973,10,120.79,200,1,1431044,1002021
20220704,93414980,None,932974,10,120.79,600,1,1431045,1002022
20220704,93415170,None,933381,10,118,207,1,1431673,925099
20220704,93415530,None,934146,10,120.8,200,1,1432876,1007048
20220704,93415540,None,934148,2,120.8,200,1,1432883,1009967
20220704,93415600,None,934228,2,120.8,200,1,1433008,1010039
20220704,93415660,None,934307,2,120.4,1200,1,1433119,1010112
20220704,93415750,None,934419,2,121.7,766,2,1433327,1010241
20220704,93415860,None,934568,10,121.4,1200,2,1433584,1005766
20220704,93416350,None,935267,10,120.8,400,1,1434750,1005749
20220704,93416470,None,935438,2,120.8,200,1,1435053,1011368
20220704,93416600,None,935770,2,120.8,200,1,1435506,1011713
20220704,93416720,None,936020,10,121.58,213,2,1435868,997746
20220704,93416740,None,936060,2,121.58,2258,1,1435934,1012014
20220704,93416870,None,936283,2,121.58,582,2,1436382,1012309
20220704,93416870,None,936337,10,120.8,200,1,1436455,1005875
20220704,93416900,None,936397,10,120.8,200,1,1436560,1006053
20220704,93416920,None,936429,10,120.8,600,1,1436605,1005872
20220704,93416920,None,936430,10,120.8,400,1,1436606,1005873
20220704,93416970,None,936494,2,121.7,200,2,1436719,1012520
20220704,93417680,None,938389,10,120.11,3000,1,1439642,840019
20220704,93417840,None,938607,2,121,8600,2,1440038,1014637
20220704,93417940,None,938766,10,120.8,200,1,1440300,1006965
20220704,93417940,None,938767,10,121.58,582,2,1440301,1012309
20220704,93417980,None,938825,10,120.8,200,1,1440395,1007184
20220704,93417980,None,938826,10,120.8,200,1,1440396,1009967
20220704,93417980,None,938827,10,120.8,200,1,1440397,1011368
20220704,93417980,None,938840,10,120.8,200,1,1440417,1007183
20220704,93418050,None,938986,10,120.8,200,1,1440665,1007339
20220704,93418050,None,938987,10,120.8,200,1,1440666,1010039
20220704,93418050,None,938988,10,120.8,200,1,1440667,1011713
20220704,93418440,None,939787,2,121.58,200,2,1442045,1015859
20220704,93418600,None,940006,2,120.7,1970,2,1442417,1016121
20220704,93418780,None,940270,2,121.53,200,2,1442850,1016405
20220704,93418990,None,940516,10,119,904,1,1443273,345620
20220704,93419340,None,941051,2,121.5,2843,2,1444141,1017226
20220704,93419870,None,942008,2,120.7,224,1,1445682,1018190
20220704,93419890,None,942044,2,120.7,300,1,1445740,1018225
20220704,93419890,None,942045,2,120.7,682,1,1445741,1018226
20220704,93419890,None,942047,2,120.7,600,1,1445745,1018230
20220704,93419970,None,942219,2,120.41,200,1,1446044,1018409
20220704,93419970,None,942236,2,120.8,200,2,1446071,1018429
20220704,93420010,None,942314,10,121.7,200,2,1446212,1012520
20220704,93420160,None,942662,2,120.31,300,1,1446864,1018930
20220704,93420200,None,942787,2,120.41,200,1,1447095,1019086
20220704,93420360,None,943224,2,120.41,200,1,1447815,1019551
20220704,93420360,None,943227,2,120.41,200,1,1447818,1019553
20220704,93420380,None,943241,2,120.41,200,1,1447835,1019561
20220704,93420790,None,943991,2,121,6000,2,1449100,1020406
20220704,93421010,None,944387,10,120.01,1846,1,1449709,840705
20220704,93422000,None,946005,2,120.92,310,2,1452452,1022499
20220704,93422370,None,946561,10,120.7,606,1,1453373,1018226
20220704,93422880,None,947552,10,120.7,600,1,1455062,1018230
20220704,93422930,None,947652,10,120.41,200,1,1455207,1018409
20220704,93422950,None,947745,2,120.8,200,2,1455348,1024470
20220704,93422950,None,947746,2,121,200,2,1455349,1024471
20220704,93423230,None,948538,2,121.99,1400,2,1456719,1025432
20220704,93423270,None,948556,2,120.8,241,2,1456742,1025447
20220704,93423460,None,949127,2,120.8,8000,1,1457679,1026075
20220704,93423480,None,949189,10,120.41,200,1,1457779,1019086
20220704,93423560,None,949339,10,120.41,200,1,1458042,1019553
20220704,93423630,None,949460,10,120.41,200,1,1458241,1019561
20220704,93423630,None,949482,10,120.41,200,1,1458306,1019551
20220704,93424250,None,950730,10,119.01,200,1,1460401,964317
20220704,93424380,None,950929,2,120.83,200,1,1460690,1028029
20220704,93425480,None,952514,2,120.92,200,2,1463194,1029815
20220704,93425950,None,953505,2,120.44,1200,1,1464944,1030917
20220704,93425950,None,953506,2,120.92,200,2,1464946,1030919
20220704,93427360,None,956346,2,120.92,593,2,1469785,1033963
20220704,93427530,None,956586,2,121.4,66,2,1470174,1034226
20220704,93427690,None,956855,10,121.53,200,2,1470601,1016405
20220704,93428860,None,958715,2,123.19,160,2,1473591,1036462
20220704,93428990,None,959119,10,121.58,200,2,1474206,1015859
20220704,93429140,None,959521,10,120.11,400,1,1474869,341318
20220704,93429660,None,960591,2,120.92,200,2,1476562,1038407
20220704,93430160,None,961467,2,120.4,200,1,1478032,1039327
20220704,93430500,None,962159,2,120.75,600,2,1479020,1039980
20220704,93431120,None,963102,2,120.75,200,2,1480669,1040973
20220704,93431950,None,964642,2,120.75,200,2,1483304,1042719
20220704,93434180,None,968788,2,124,1266,2,1490078,1047085
20220704,93434430,None,969154,2,115.07,200,1,1490655,1047436
20220704,93434480,None,969217,2,120.41,200,1,1490761,1047505
20220704,93434560,None,969375,2,126.5,80,2,1491014,1047694
20220704,93434650,None,969556,10,121.78,200,2,1491271,934930
20220704,93435030,None,970304,10,120.92,200,2,1492424,1038407
20220704,93437650,None,975065,2,120.37,400,1,1500654,1053827
20220704,93437790,None,975306,2,120.38,3505,2,1501047,1054116
20220704,93438870,None,977639,2,120.4,200,2,1504756,1056606
20220704,93439460,None,978810,10,120.92,200,2,1506686,1029815
20220704,93439580,None,978994,2,120.29,1865,1,1506969,1058042
20220704,93439730,None,979199,10,121.7,766,2,1507342,1010241
20220704,93440130,None,979765,2,110.58,200,1,1508262,1058905
20220704,93440920,None,981077,2,120.38,511,1,1510327,1060231
20220704,93441020,None,981315,10,120.92,200,2,1510700,1030919
20220704,93441020,None,981316,10,121,200,2,1510701,1024471
20220704,93441020,None,981317,10,120.75,200,2,1510702,1042719
20220704,93441230,None,981983,2,120.38,200,1,1511686,1061165
20220704,93441470,None,982556,2,120.38,200,1,1512513,1061738
20220704,93442710,None,984772,10,120.75,300,2,1516119,1039980
20220704,93442710,None,984773,10,120.75,200,2,1516120,1040973
20220704,93442960,None,985107,2,120.38,200,1,1516696,1064368
20220704,93443030,None,985164,2,120.38,200,1,1516794,1064433
20220704,93443310,None,985611,2,120.38,200,1,1517484,1064873
20220704,93443950,None,986734,2,120.39,200,1,1519571,1066211
20220704,93443970,None,986780,2,121,200,2,1519647,1066260
20220704,93444160,None,987202,2,120.6,200,2,1520360,1066680
20220704,93446500,None,991224,2,121,436,2,1526996,1070879
20220704,93447360,None,993111,2,120.46,200,1,1530191,1072987
20220704,93447400,None,993196,2,120.6,200,1,1530363,1073057
20220704,93447420,None,993249,10,121,200,2,1530442,1066260
20220704,93447990,None,994202,2,120.41,200,2,1532009,1074105
20220704,93448010,None,994247,10,120.33,200,1,1532083,905691
20220704,93448360,None,994943,2,120.4,597,1,1533228,1074852
20220704,93448410,None,995015,2,120.39,4500,1,1533343,1074929
20220704,93449640,None,996911,2,120.4,3000,1,1536354,1076909
20220704,93449830,None,997226,2,121,766,2,1536894,1077261
20220704,93450260,None,998121,2,121.38,698,2,1538393,1078275
20220704,93450290,None,998208,2,120.41,256,1,1538542,1078366
20220704,93450410,None,998494,2,121,200,2,1538948,1078641
20220704,93450890,None,999250,10,120.28,200,1,1540172,859517
20220704,93452350,None,1001455,2,117.07,200,1,1544050,1081883
20220704,93453310,None,1003460,2,120.41,400,1,1547445,1084116
20220704,93453370,None,1003588,2,118.17,1600,1,1547618,1084214
20220704,93454440,None,1005313,2,120,200,1,1550640,1086152
20220704,93455530,None,1006786,2,118.8,200,1,1552924,1087723
20220704,93458580,None,1011783,2,120.41,4300,1,1561142,1093140
20220704,93458830,None,1012287,2,120.48,200,1,1562019,1093702
20220704,93458980,None,1012543,2,120.42,300,1,1562409,1093986
20220704,93500420,None,1015501,2,121,2612,2,1567176,1097185
20220704,93500440,None,1015512,2,120,200,1,1567194,1097192
20220704,93500700,None,1015989,2,120.42,200,1,1567959,1097715
20220704,93500700,None,1016000,2,120.42,200,1,1567975,1097730
20220704,93501870,None,1018078,10,120.42,300,1,1571647,1093986
20220704,93501870,None,1018082,10,120.42,200,1,1571655,1097730
20220704,93501900,None,1018090,10,120.42,200,1,1571665,1097715
20220704,93501900,None,1018147,2,120.49,200,1,1571771,1100367
20220704,93501920,None,1018159,10,120.38,200,1,1571793,1064873
20220704,93501920,None,1018166,2,120.48,200,1,1571805,1100394
20220704,93501920,None,1018206,10,120.4,597,1,1571870,1074852
20220704,93501920,None,1018207,2,120.49,597,1,1571871,1100446
20220704,93502010,None,1018385,10,120.38,200,1,1572188,1064433
20220704,93502030,None,1018453,2,121.87,200,2,1572296,1100767
20220704,93502210,None,1018866,2,120.49,200,1,1573205,1101365
20220704,93502210,None,1018868,2,120.49,200,1,1573209,1101368
20220704,93502440,None,1019487,2,120.49,200,1,1574318,1102090
20220704,93503210,None,1021039,2,121.5,5000,1,1577050,1103938
20220704,93503290,None,1021246,2,121.4,227,1,1577359,1104148
20220704,93503400,None,1021438,2,120.5,600,1,1577670,1104377
20220704,93503490,None,1021590,2,125,2500,2,1577921,1104552
20220704,93504350,None,1022893,2,120.41,200,1,1579973,1105922
20220704,93504380,None,1022922,2,120.5,200,1,1580039,1105965
20220704,93504790,None,1023859,2,120.5,800,1,1581651,1107046
20220704,93504900,None,1024136,2,121.5,1322,1,1582123,1107376
20220704,93504960,None,1024269,2,121.82,1000,2,1582381,1107530
20220704,93504980,None,1024311,2,122.01,200,2,1582453,1107581
20220704,93505030,None,1024417,2,122,200,2,1582612,1107691
20220704,93505260,None,1025081,10,120.49,200,1,1583785,1101368
20220704,93505260,None,1025150,10,120.49,200,1,1583920,1101365
20220704,93505400,None,1025545,10,120.49,200,1,1584592,1100367
20220704,93505520,None,1025914,10,120.49,597,1,1585256,1100446
20220704,93505780,None,1026461,2,123.45,200,2,1586090,1109960
20220704,93505780,None,1026479,2,122,222,2,1586119,1109984
20220704,93505870,None,1026624,10,120.49,200,1,1586357,1102090
20220704,93505910,None,1026690,10,121.4,227,1,1586477,1104148
20220704,93505910,None,1026691,10,120.39,4500,1,1586478,1074929
20220704,93506060,None,1026995,2,120.42,200,1,1587014,1110573
20220704,93506210,None,1027245,2,121.51,200,1,1587459,1110880
20220704,93506210,None,1027260,2,121.51,200,1,1587487,1110892
20220704,93508400,None,1032105,2,121.81,300,2,1595656,1116123
20220704,93508450,None,1032211,10,121.5,1322,1,1595839,1107376
20220704,93508480,None,1032258,10,118.17,1600,1,1595924,1084214
20220704,93508500,None,1032336,2,117.58,500,1,1596048,1116330
20220704,93508540,None,1032470,2,121.82,200,2,1596244,1116469
20220704,93508760,None,1032875,2,121.52,600,1,1596922,1116901
20220704,93510010,None,1035247,2,120.4,200,1,1600917,1119543
20220704,93510550,None,1036215,10,121.82,1000,2,1602484,1107530
20220704,93510690,None,1036638,2,121.87,387,2,1603309,1121088
20220704,93511300,None,1038525,10,122,222,2,1606420,1109984
20220704,93511530,None,1039163,2,121.81,200,2,1607394,1123804
20220704,93511530,None,1039166,10,122,200,2,1607397,1107691
20220704,93511530,None,1039168,10,122.01,200,2,1607399,1107581
20220704,93511530,None,1039169,10,121.82,200,2,1607400,1116469
20220704,93512520,None,1041272,10,123,80,2,1610838,688595
20220704,93513050,None,1042056,2,122,12000,2,1612222,1127039
20220704,93513920,None,1044291,2,121.82,364,2,1615800,1129524
20220704,93514220,None,1045355,10,118.28,600,1,1617485,251925
20220704,93514420,None,1046193,10,121.51,200,1,1618862,1110880
20220704,93514550,None,1046590,10,122.54,909,2,1619469,720357
20220704,93514550,None,1046591,10,122.54,1000,2,1619470,720360
20220704,93514550,None,1046592,10,122.54,1500,2,1619471,720358
20220704,93514550,None,1046593,10,122.54,900,2,1619472,720359
20220704,93514550,None,1046594,2,121.81,1000,2,1619473,1132061
20220704,93515120,None,1047934,10,121.87,387,2,1621578,1121088
20220704,93515870,None,1049213,2,121.51,67,2,1623789,1134843
20220704,93515890,None,1049256,2,121.52,200,2,1623846,1134889
20220704,93515890,None,1049258,2,121.52,200,2,1623848,1134891
20220704,93515960,None,1049361,2,121.52,200,2,1624035,1134993
20220704,93516010,None,1049421,2,121.52,200,2,1624127,1135057
20220704,93516010,None,1049422,2,121.52,200,2,1624128,1135058
20220704,93516010,None,1049423,2,121.52,200,2,1624129,1135059
20220704,93516010,None,1049442,2,121.52,200,2,1624163,1135086
20220704,93516050,None,1049507,2,121.98,1000,2,1624259,1135159
20220704,93516210,None,1049786,2,121.51,400,2,1624659,1135452
20220704,93516440,None,1050142,10,125,208,2,1625229,897575
20220704,93517290,None,1053268,2,121.81,353,2,1630103,1139313
20220704,93520440,None,1060568,2,121.81,200,2,1642087,1147062
20220704,93520460,None,1060607,10,120.29,1865,1,1642140,1058042
20220704,93522370,None,1063953,10,121.98,1000,2,1647772,1135159
20220704,93522860,None,1065086,2,121.81,80,2,1649533,1151799
20220704,93523180,None,1065939,10,120.39,200,1,1651143,1066211
20220704,93523250,None,1066126,2,122,200,2,1651485,1153077
20220704,93523250,None,1066144,2,121.8,963,2,1651512,1153094
20220704,93523250,None,1066150,2,121.98,244,2,1651524,1153100
20220704,93523270,None,1066215,2,125.48,200,2,1651635,1153177
20220704,93524160,None,1067959,2,121.51,1372,1,1654472,1155010
20220704,93526480,None,1072472,2,121.8,200,2,1661852,1159751
20220704,93526480,None,1072474,10,121.81,200,2,1661854,1147062
20220704,93526480,None,1072475,10,122,200,2,1661855,1153077
20220704,93527040,None,1073448,2,121.78,1000,2,1663511,1160801
20220704,93528260,None,1075182,2,121.51,3000,1,1666421,1162570
20220704,93528460,None,1075499,2,121.98,1000,2,1666900,1162917
20220704,93528830,None,1076387,2,121.8,640,2,1668257,1163854
20220704,93528890,None,1076588,2,121.5,1849,1,1668528,1164032
20220704,93529400,None,1077773,2,121.8,1041,2,1670442,1165304
20220704,93529450,None,1077848,2,121.78,200,2,1670547,1165375
20220704,93529670,None,1078259,10,121.98,244,2,1671311,1153100
20220704,93529670,None,1078265,2,120.42,200,1,1671323,1165775
20220704,93530430,None,1079508,2,121.78,292,2,1673587,1167170
20220704,93532440,None,1083592,2,121.78,200,2,1680141,1171402
20220704,93533520,None,1085566,2,121.77,3785,1,1683171,1173384
20220704,93536340,None,1091433,2,121.5,387,1,1692386,1179051
20220704,93536590,None,1091860,2,121.78,108,1,1693024,1179474
20220704,93536690,None,1092008,2,121.78,200,1,1693230,1179618
20220704,93537790,None,1093907,2,121.78,515,1,1696254,1181523
20220704,93538000,None,1094425,10,121.78,108,1,1697078,1179474
20220704,93538000,None,1094445,10,121.78,200,1,1697103,1179618
20220704,93538330,None,1095528,2,121.78,1000,1,1699039,1183148
20220704,93539080,None,1096893,10,121.5,1849,1,1701384,1164032
20220704,93539290,None,1097274,2,121.8,13,1,1702046,1185017
20220704,93539350,None,1097374,2,125,200,2,1702209,1185123
20220704,93539460,None,1097541,2,121.81,300,1,1702465,1185306
20220704,93539730,None,1097889,2,121.82,600,1,1703023,1185652
20220704,93539730,None,1097890,2,121.82,400,1,1703024,1185653
20220704,93540060,None,1098342,2,121.81,500,1,1703780,1186158
20220704,93540300,None,1098698,2,121.8,888,1,1704363,1186533
20220704,93540440,None,1098895,2,121.79,300,1,1704616,1186720
20220704,93540480,None,1098952,2,121.98,220,1,1704718,1186796
20220704,93541270,None,1101205,2,122,200,2,1708109,1189097
20220704,93541310,None,1101388,2,122.01,200,2,1708440,1189295
20220704,93541310,None,1101389,2,122,400,2,1708441,1189296
20220704,93541530,None,1101874,2,121.81,200,1,1709179,1189775
20220704,93541590,None,1101979,10,121.8,888,1,1709310,1186533
20220704,93541900,None,1102504,2,121.8,200,1,1710095,1190418
20220704,93542020,None,1102750,10,121.81,500,1,1710444,1186158
20220704,93542260,None,1103245,2,121.78,200,1,1711234,1191208
20220704,93542340,None,1103381,2,121.52,500,1,1711465,1191337
20220704,93542740,None,1103978,10,121.82,600,1,1712462,1185652
20220704,93542740,None,1103979,10,121.82,400,1,1712463,1185653
20220704,93542860,None,1104137,2,121.82,200,1,1712711,1192087
20220704,93542950,None,1104268,10,121.98,220,1,1712958,1186796
20220704,93543010,None,1104348,10,121.79,300,1,1713133,1186720
20220704,93543120,None,1104527,2,125.5,220,2,1713436,1192510
20220704,93543140,None,1104578,2,121.8,2000,1,1713501,1192563
20220704,93543220,None,1104685,2,121.83,300,1,1713656,1192671
20220704,93543680,None,1105797,10,121.5,387,1,1715457,1179051
20220704,93544040,None,1106577,2,122,306,1,1716746,1194550
20220704,93544090,None,1106724,2,121.84,200,1,1716983,1194709
20220704,93544300,None,1107517,2,122.01,200,2,1718308,1195436
20220704,93545660,None,1110085,2,121.78,500,1,1722499,1198102
20220704,93546040,None,1110585,10,121.83,300,1,1723411,1192671
20220704,93546750,None,1112009,2,121.11,600,1,1725667,1200231
20220704,93546920,None,1112340,10,125,200,2,1726202,1185123
20220704,93547040,None,1112552,2,122,300,1,1726623,1200812
20220704,93547090,None,1112642,10,122,106,1,1726765,1194550
20220704,93547690,None,1114240,2,122,100,2,1729137,1202475
20220704,93547760,None,1114359,2,122,400,2,1729315,1202590
20220704,93547820,None,1114432,2,122,400,2,1729429,1202672
20220704,93548540,None,1115869,2,121.5,9483,1,1731752,1204191
20220704,93548620,None,1115997,2,122.01,252,2,1731969,1204327
20220704,93548710,None,1116147,10,121.78,200,1,1732204,1191208
20220704,93548990,None,1116596,2,121.85,200,1,1732933,1204991
20220704,93549600,None,1117774,2,122.01,278,2,1734824,1206261
20220704,93549810,None,1118229,2,122.01,868,2,1735530,1206696
20220704,93550260,None,1119453,10,120.5,200,1,1737471,1105965
20220704,93550260,None,1119495,10,120.5,600,1,1737536,1104377
20220704,93550290,None,1119605,10,120.5,800,1,1737692,1107046
20220704,93550920,None,1121108,2,122.01,13014,1,1740127,1209624
20220704,93551120,None,1121620,2,122.97,800,2,1741030,1210145
20220704,93551230,None,1121798,10,121.85,200,1,1741377,1204991
20220704,93551410,None,1122166,2,122.97,700,2,1742034,1210727
20220704,93551410,None,1122168,2,122.97,1300,2,1742036,1210729
20220704,93551570,None,1122390,2,122.97,57,2,1742392,1210975
20220704,93551600,None,1122427,2,122.98,7,2,1742459,1211018
20220704,93551600,None,1122449,2,122.98,62,2,1742492,1211045
20220704,93551620,None,1122502,2,122.01,200,1,1742597,1211088
20220704,93551630,None,1122545,2,122.98,200,2,1742703,1211132
20220704,93551680,None,1122620,2,122.97,200,2,1742806,1211209
20220704,93551720,None,1122682,2,120.5,900,1,1742908,1211281
20220704,93551860,None,1122916,2,122.97,200,2,1743343,1211577
20220704,93552220,None,1123521,2,122.07,391,1,1744331,1212237
20220704,93552430,None,1123858,2,122.02,5190,1,1744942,1212623
20220704,93552570,None,1124147,2,122.2,200,1,1745444,1212979
20220704,93552590,None,1124181,10,121.81,200,1,1745521,1189775
20220704,93552660,None,1124325,10,121.8,200,1,1745800,1190418
20220704,93552770,None,1124585,2,122.39,400,1,1746260,1213479
20220704,93552990,None,1125018,2,122.05,200,1,1747064,1213987
20220704,93553040,None,1125180,2,122.02,200,1,1747381,1214168
20220704,93553040,None,1125229,2,122.01,5000,1,1747458,1214225
20220704,93555330,None,1129901,10,115.01,1000,1,1755396,286465
20220704,93556040,None,1131478,2,122.21,300,1,1758053,1220963
20220704,93556220,None,1132035,2,122.97,405,2,1759048,1221602
20220704,93556390,None,1132347,10,122.01,200,1,1759647,1211088
20220704,93558000,None,1135456,2,122.97,753,2,1764659,1225205
20220704,93558450,None,1136130,10,120,200,1,1765771,1086152
20220704,93558870,None,1137135,10,122.2,200,1,1767405,1212979
20220704,93559410,None,1138849,10,121.82,200,1,1769912,1192087
20220704,93600770,None,1141834,2,121.8,700,1,1774782,1231761
20220704,93600970,None,1142188,2,122.22,200,1,1775366,1232146
20220704,93600990,None,1142218,2,122.22,200,1,1775435,1232189
20220704,93601030,None,1142318,2,122.22,418,1,1775573,1232286
20220704,93601090,None,1142438,2,122.22,200,1,1775736,1232397
20220704,93601230,None,1142689,2,122.39,200,1,1776331,1232664
20220704,93601450,None,1143075,2,123.19,1000,2,1776972,1233112
20220704,93601490,None,1143184,10,122.21,300,1,1777138,1220963
20220704,93601570,None,1143391,2,122.96,400,2,1777519,1233465
20220704,93601910,None,1144316,10,122.97,200,2,1778948,1210727
20220704,93601910,None,1144317,10,122.97,1300,2,1778949,1210729
20220704,93601950,None,1144441,2,122.95,1500,2,1779162,1234619
20220704,93601950,None,1144464,2,122.96,49,2,1779200,1234652
20220704,93601950,None,1144490,2,122.96,20,2,1779237,1234679
20220704,93602000,None,1144617,2,122.96,15,2,1779409,1234812
20220704,93602090,None,1144896,2,122.96,200,2,1779917,1235134
20220704,93602360,None,1145997,10,122.22,18,1,1781583,1232397
20220704,93602390,None,1146029,10,121.78,816,1,1781630,1183148
20220704,93602420,None,1146080,2,125,304,2,1781733,1236421
20220704,93602420,None,1146169,2,122.95,80,2,1781848,1236510
20220704,93602560,None,1146552,2,122.95,200,2,1782402,1236874
20220704,93602560,None,1146582,10,122.96,400,2,1782453,1233465
20220704,93602720,None,1146965,2,122.95,600,2,1783072,1237311
20220704,93602720,None,1146966,2,122.95,900,2,1783073,1237312
20220704,93603600,None,1149101,2,122.01,223,1,1786726,1239746
20220704,93603700,None,1149389,2,122.21,1000,1,1787228,1240097
20220704,93603720,None,1149452,2,122.94,400,2,1787314,1240164
20220704,93603830,None,1149674,10,120.41,4300,1,1787698,1093140
20220704,93603830,None,1149685,2,122.94,200,2,1787718,1240437
20220704,93604160,None,1150325,10,122.02,200,1,1789046,1214168
20220704,93604190,None,1150374,10,122.05,200,1,1789114,1213987
20220704,93604420,None,1150889,2,122.94,300,2,1789966,1241993
20220704,93604570,None,1151266,2,122.4,200,1,1790695,1242457
20220704,93604760,None,1151839,10,120.41,256,1,1791627,1084116
20220704,93604800,None,1152014,2,122.94,200,2,1791863,1243237
20220704,93606080,None,1156190,2,118,200,1,1798638,1247606
20220704,93606230,None,1156568,2,122.41,1545,1,1799267,1247983
20220704,93606260,None,1156653,10,132,200,2,1799382,290018
20220704,93606260,None,1156666,2,119.88,1600,1,1799403,1248078
20220704,93606860,None,1158121,2,122.94,300,2,1801854,1249682
20220704,93607320,None,1159153,10,122.97,200,2,1803585,1211209
20220704,93607380,None,1159252,10,122.97,57,2,1803765,1210975
20220704,93607400,None,1159292,10,122.02,5190,1,1803824,1212623
20220704,93607400,None,1159302,10,122.07,391,1,1803844,1212237
20220704,93607730,None,1160257,2,120.59,800,1,1805411,1252077
20220704,93607800,None,1160473,2,122.94,200,2,1805712,1252277
20220704,93608240,None,1161958,10,122.97,200,2,1808130,1211577
20220704,93608240,None,1162108,10,122.98,7,2,1808354,1211018
20220704,93608280,None,1162181,10,122.98,62,2,1808484,1211045
20220704,93608280,None,1162203,10,122.98,200,2,1808512,1211132
20220704,93608350,None,1162412,2,122.42,400,1,1808848,1254295
20220704,93608640,None,1163283,10,122.39,200,1,1810183,1232664
20220704,93609090,None,1164355,2,122.6,200,1,1812046,1256391
20220704,93609250,None,1164827,10,122.41,1545,1,1812890,1247983
20220704,93609250,None,1164828,2,122.43,1545,1,1812891,1256891
20220704,93609430,None,1165403,10,122.4,200,1,1813801,1242457
20220704,93610200,None,1167070,10,122.43,1545,1,1816353,1256891
20220704,93610200,None,1167071,2,122.61,1545,1,1816354,1259065
20220704,93610440,None,1167671,2,122.62,300,1,1817361,1259754
20220704,93610740,None,1168483,2,122.62,400,1,1818827,1260675
